Timestamp,OrderBook
1711986988,"{'XDC/USDT': {'symbol': 'XDC/USDT', 'bids': [[0.0025, 3200.0], [0.0021, 110.0], [1e-05, 617283.9], [3e-06, 2057613.1], [1e-06, 1000000.0]], 'asks': [[100.0, 5.0], [1000.0, 5.0]], 'timestamp': 1711967097907, 'datetime': '2024-04-01T10:24:57.907Z', 'nonce': None}, 'ETH/TUSD': {'symbol': 'ETH/TUSD', 'bids': [[2602.799, 0.061], [2602.798, 9.9382], [2567.077, 9.7719], [2536.263, 2.1529], [2516.744, 4.6598], [2501.664, 1.9631], [2487.007, 4.152], [2439.555, 3.4352], [2413.59, 12.4532], [2396.156, 5.4002]], 'asks': [[3637.987, 0.2146], [3640.856, 2.8535], [3642.835, 4.4818], [3649.515, 7.9905], [3666.925, 7.7813], [3673.21, 8.3664], [3678.462, 8.4271], [3686.236, 7.5632], [3696.12, 8.6463], [3707.148, 7.3451]], 'timestamp': 1711986983082, 'datetime': '2024-04-01T15:56:23.082Z', 'nonce': None}, 'NEO/ETH': {'symbol': 'NEO/ETH', 'bids': [[0.0044165, 0.06], [0.0044148, 42.52], [0.0044103, 628.63], [0.0043952, 933.91], [0.0043827, 778.77], [0.004328, 688.22], [0.0042722, 738.0], [0.0042379, 4.48], [0.0042378, 765.44], [0.0042082, 693.58]], 'asks': [[0.0044435, 44.45], [0.0044494, 631.75], [0.0044547, 910.73], [0.0044593, 367.14], [0.0044635, 346.01], [0.0044637, 353.46], [0.0044686, 359.88], [0.0044693, 367.39], [0.0045966, 0.04], [0.0046406, 0.04]], 'timestamp': 1711986990054, 'datetime': '2024-04-01T15:56:30.054Z', 'nonce': None}, 'CRV/BTC': {'symbol': 'CRV/BTC', 'bids': [[9.389e-06, 21.7], [9.379e-06, 26.3], [9.352e-06, 1105.5], [9.348e-06, 14616.6], [9.342e-06, 21731.7], [9.335e-06, 45338.7], [9.329e-06, 52004.9], [9.316e-06, 48933.0], [9.308e-06, 46503.9], [9.304e-06, 44297.3]], 'asks': [[9.411e-06, 20.8], [9.42e-06, 1013.3], [9.422e-06, 26.9], [9.426e-06, 3975.3], [9.437e-06, 9286.0], [9.441e-06, 1109.5], [9.442e-06, 14399.4], [9.45e-06, 22419.6], [9.455e-06, 15094.3], [9.457e-06, 55123.5]], 'timestamp': 1711986989785, 'datetime': '2024-04-01T15:56:29.785Z', 'nonce': None}, 'YFI/BTC': {'symbol': 'YFI/BTC', 'bids': [[0.1263, 0.077649], [0.1262, 0.309079], [0.125, 0.00701], [0.1201, 0.037737], [0.12, 0.002742], [0.1186, 0.078052], [0.1168, 0.000846], [0.1157, 0.000854], [0.115, 0.0022], [0.1142, 1.104818]], 'asks': [[0.1268, 0.083746], [0.1269, 1.097222], [0.127, 2.07349], [0.1271, 0.246815], [0.1299, 0.000131], [0.1312, 0.000131], [0.1866, 1e-06], [0.1869, 1e-06], [0.1871, 1e-06], [0.1874, 1e-06]], 'timestamp': 1711986988082, 'datetime': '2024-04-01T15:56:28.082Z', 'nonce': None}, 'ZRX/USDT': {'symbol': 'ZRX/USDT', 'bids': [[0.691899, 10.3], [0.691865, 16.5], [0.691799, 10.3], [0.691729, 755.8], [0.691422, 2936.7], [0.691004, 19.3], [0.682112, 0.7], [0.682066, 1.3], [0.681904, 0.5], [0.67316, 1.5]], 'asks': [[0.692135, 16.3], [0.692136, 10.3], [0.69227, 15.7], [0.69241, 714.8], [0.692423, 719.1], [0.69263, 2880.7], [0.692648, 2929.0], [0.692892, 7313.3], [0.692936, 6960.1], [0.693031, 20.9]], 'timestamp': 1711986990291, 'datetime': '2024-04-01T15:56:30.291Z', 'nonce': None}, 'LTC/USDT:USDT': {'symbol': 'LTC/USDT:USDT', 'bids': [[98.44, 164.44], [98.43, 64.04], [98.42, 78.19], [98.41, 364.75], [98.4, 171.98], [98.39, 132.9], [98.38, 335.88], [98.37, 186.5], [98.36, 250.97], [98.35, 211.58]], 'asks': [[98.45, 94.3], [98.46, 120.76], [98.47, 120.76], [98.48, 501.33], [98.49, 315.94], [98.5, 315.94], [98.51, 386.04], [98.52, 190.97], [98.53, 16.22], [98.54, 452.26]], 'timestamp': 1711986990270, 'datetime': '2024-04-01T15:56:30.270Z', 'nonce': None}, 'WAVES/ETH': {'symbol': 'WAVES/ETH', 'bids': [[0.0011398, 189.93], [0.0011379, 2247.06], [0.0011359, 3937.52], [0.0010609, 0.61], [0.0010586, 13.34], [0.0010585, 37612.29], [0.0010508, 0.62], [0.0010336, 35004.66], [0.0010205, 35544.34], [0.0010071, 34342.91]], 'asks': [[0.0011446, 163.66], [0.0011481, 2.38], [0.0011482, 2263.44], [0.0011508, 3288.81], [0.0011999, 4.31], [0.0012, 0.01], [0.0012913, 0.05], [0.00138, 0.85], [0.0014, 0.01], [0.0016, 0.01]], 'timestamp': 1711986988849, 'datetime': '2024-04-01T15:56:28.849Z', 'nonce': None}, 'WAVES/USDT': {'symbol': 'WAVES/USDT', 'bids': [[3.94579, 4.31], [3.9456, 4.04], [3.94363, 174.76], [3.94135, 730.6], [3.93968, 5.04], [3.93926, 1449.7], [3.93607, 2337.11], [3.93333, 3387.29], [3.93055, 182.4], [3.92797, 3937.56]], 'asks': [[3.9474, 3.9], [3.94821, 4.31], [3.94987, 177.98], [3.95208, 713.36], [3.95218, 607.67], [3.95332, 4.83], [3.95641, 915.54], [3.95642, 1758.87], [3.95689, 1507.47], [3.95767, 2537.92]], 'timestamp': 1711986990284, 'datetime': '2024-04-01T15:56:30.284Z', 'nonce': None}, 'SOL/ETH': {'symbol': 'SOL/ETH', 'bids': [[0.0541196, 0.01], [0.0541115, 0.005], [0.0541008, 3.413], [0.0540604, 42.822], [0.0539633, 21.034], [0.0539632, 71.77], [0.053936, 413.567], [0.0538546, 440.037], [0.0537965, 404.848], [0.0537369, 432.048]], 'asks': [[0.0543095, 3.724], [0.0543451, 52.087], [0.0543914, 78.458], [0.0544524, 411.719], [0.0545163, 401.382], [0.0546146, 476.879], [0.0546473, 407.123], [0.0546608, 475.747], [0.0548316, 460.082], [0.0561746, 4.869]], 'timestamp': 1711986987711, 'datetime': '2024-04-01T15:56:27.711Z', 'nonce': None}, 'UNI/BTC': {'symbol': 'UNI/BTC', 'bids': [[0.00017998, 1.21], [0.00017996, 53.13], [0.00017995, 228.76], [0.0001799, 552.54], [0.00017979, 1.31], [0.00017978, 1.51], [0.00017969, 817.89], [0.00017937, 1047.56], [0.00017912, 53.13], [0.00017894, 1.54]], 'asks': [[0.00018032, 1.21], [0.00018034, 56.75], [0.00018037, 215.2], [0.00018052, 1.47], [0.00018054, 544.76], [0.00018095, 846.49], [0.00018102, 55.74], [0.00018129, 730.15], [0.00018146, 2.32], [0.00018149, 1069.72]], 'timestamp': 1711986989932, 'datetime': '2024-04-01T15:56:29.932Z', 'nonce': None}, 'KNCUSD_BQX': {'symbol': 'KNCUSD_BQX', 'bids': [[0.244971, 59.1]], 'asks': [], 'timestamp': 1711986990158, 'datetime': '2024-04-01T15:56:30.158Z', 'nonce': None}, 'XTZ/USDT': {'symbol': 'XTZ/USDT', 'bids': [[1.315866, 20.6], [1.315801, 3329.1], [1.31477, 5967.8], [1.314736, 20.6], [1.313872, 7800.8], [1.312009, 9676.7], [1.311459, 12529.7], [1.307529, 15846.4], [1.303655, 20357.2], [1.301803, 520.5]], 'asks': [[1.319814, 364.4], [1.321367, 11.7], [1.3216, 551.6], [1.322133, 11.7], [1.322139, 2204.5], [1.322265, 543.0], [1.322331, 2110.6], [1.322821, 15.0], [1.322824, 3397.9], [1.322971, 3345.5]], 'timestamp': 1711986990205, 'datetime': '2024-04-01T15:56:30.205Z', 'nonce': None}, 'BNB/USDT': {'symbol': 'BNB/USDT', 'bids': [[573.88614, 0.31], [573.8713, 0.02], [573.8139, 1.14], [573.79999, 0.31], [573.74261, 0.02], [573.64721, 10.63], [573.57427, 4.4], [573.55447, 17.7], [573.51305, 1.16], [573.43441, 25.08]], 'asks': [[573.95739, 0.02], [574.0287, 0.02], [574.0861, 1.12], [574.18695, 1.18], [574.34737, 4.58], [574.35912, 4.73], [574.4594, 1.33], [574.49516, 13.69], [574.53129, 11.84], [574.60388, 11.19]], 'timestamp': 1711986989869, 'datetime': '2024-04-01T15:56:29.869Z', 'nonce': None}, 'MANA/BTC': {'symbol': 'MANA/BTC', 'bids': [[9.009e-06, 22.0], [9.0025e-06, 1237.0], [8.9995e-06, 23.0], [8.9991e-06, 29.0], [8.9986e-06, 1049.0], [8.9896e-06, 28.0], [8.987e-06, 16311.0], [8.9754e-06, 22895.0], [8.9577e-06, 35196.0], [8.9404e-06, 31483.0]], 'asks': [[9.021e-06, 22.0], [9.0219e-06, 1069.0], [9.0278e-06, 1067.0], [9.0309e-06, 3952.0], [9.0371e-06, 15570.0], [9.0437e-06, 21067.0], [9.0461e-06, 10656.0], [9.0561e-06, 43556.0], [9.0597e-06, 16070.0], [9.069e-06, 1604.0]], 'timestamp': 1711986990185, 'datetime': '2024-04-01T15:56:30.185Z', 'nonce': None}, 'ETC/USDT': {'symbol': 'ETC/USDT', 'bids': [[32.08788, 10.01], [32.07824, 39.2], [32.05574, 4.96], [32.00225, 2.88], [31.97355, 7.22], [31.95058, 18.41], [31.91939, 3.86], [31.67837, 3.89], [30.74367, 3.71], [29.80992, 3.9]], 'asks': [[32.14071, 9.89], [32.15174, 40.05], [32.16498, 2.92], [32.16621, 105.98], [32.17423, 4.92], [32.18048, 156.7], [32.18917, 208.17], [32.1893, 7.01], [32.20345, 262.35], [32.2199, 347.01]], 'timestamp': 1711986989377, 'datetime': '2024-04-01T15:56:29.377Z', 'nonce': None}, 'BTC/EURS': {'symbol': 'BTC/EURS', 'bids': [[63626.81, 0.01037], [63620.44, 0.04011], [63563.09, 0.00098], [63546.32, 0.36643], [63543.93, 0.10405], [63537.95, 0.46566], [63535.04, 0.14397], [63527.51, 0.19073], [63527.21, 0.63647], [63520.29, 0.2556]], 'asks': [[63818.09, 0.01049], [63824.46, 0.04066], [63881.81, 0.001], [63901.49, 0.10041], [63907.86, 0.1546], [63914.23, 0.19139], [63920.61, 0.26858], [63931.54, 0.36682], [63950.42, 0.45751], [63963.69, 0.66933]], 'timestamp': 1711986990225, 'datetime': '2024-04-01T15:56:30.225Z', 'nonce': None}, 'TRXUSDT_BQX': {'symbol': 'TRXUSDT_BQX', 'bids': [[0.0360285, 604.0]], 'asks': [[0.2040935, 358.0]], 'timestamp': 1711986989383, 'datetime': '2024-04-01T15:56:29.383Z', 'nonce': None}, 'ZECUSD_BQX': {'symbol': 'ZECUSD_BQX', 'bids': [[8.5059, 1.83]], 'asks': [], 'timestamp': 1711986987320, 'datetime': '2024-04-01T15:56:27.320Z', 'nonce': None}, 'BAT/USDT': {'symbol': 'BAT/USDT', 'bids': [[0.309784, 52.5], [0.309769, 46.2], [0.309684, 52.5], [0.309602, 12769.3], [0.309503, 2157.9], [0.309341, 17035.6], [0.309304, 62.4], [0.30921, 8721.1], [0.309184, 24285.4], [0.309057, 29802.2]], 'asks': [[0.310286, 52.5], [0.310301, 11532.7], [0.31043, 13133.3], [0.310494, 18670.6], [0.310604, 26206.7], [0.310742, 30600.7], [0.310747, 20843.9], [0.310968, 43438.2], [0.311164, 29987.1], [0.311261, 48737.9]], 'timestamp': 1711986990291, 'datetime': '2024-04-01T15:56:30.291Z', 'nonce': None}, 'DOGE/USDT': {'symbol': 'DOGE/USDT', 'bids': [[0.18000003, 210.0], [0.18000002, 40.0], [0.18, 10.0], [0.17100966, 10.0], [0.165, 41180.0], [0.16420685, 500.0], [0.16410138, 1190.0], [0.163, 6480.0], [0.16, 120.0], [0.14652957, 2580.0]], 'asks': [[0.19981857, 2650.0], [0.19988865, 10520.0], [0.19995139, 24950.0], [0.20001779, 1260.0], [0.20004306, 37000.0], [0.20011014, 50330.0], [0.20022535, 71060.0], [0.20027463, 95710.0], [0.20041882, 124350.0], [0.20046681, 166470.0]], 'timestamp': 1711986989687, 'datetime': '2024-04-01T15:56:29.687Z', 'nonce': None}, 'TRX/USDT': {'symbol': 'TRX/USDT', 'bids': [[0.120066, 761.0], [0.1200659, 5263.0], [0.120062, 416.0], [0.1200599, 20821.0], [0.1200514, 56423.0], [0.120046, 637.0], [0.1200439, 115.0], [0.1200369, 82666.0], [0.1200266, 5191.0], [0.1200166, 110571.0]], 'asks': [[0.1200661, 115.0], [0.1200782, 5201.0], [0.1201044, 20843.0], [0.1201121, 117.0], [0.1201241, 5321.0], [0.1201291, 55394.0], [0.1201301, 22637.0], [0.120147, 51956.0], [0.1201541, 79161.0], [0.120162, 30577.0]], 'timestamp': 1711986990191, 'datetime': '2024-04-01T15:56:30.191Z', 'nonce': None}, 'FIL/BTC': {'symbol': 'FIL/BTC', 'bids': [[0.0001335, 377.544], [0.0001334, 1088.05], [0.0001333, 1215.575], [0.0001332, 3854.979], [0.0001331, 9507.879], [0.000133, 725.662], [0.0001329, 9606.946], [0.0001328, 12122.349], [0.0001327, 9246.78], [0.0001326, 18012.667]], 'asks': [[0.0001338, 72.982], [0.0001339, 3574.581], [0.000134, 1136.37], [0.0001341, 17741.941], [0.0001342, 8965.414], [0.0001343, 20543.029], [0.0001344, 9955.87], [0.0001354, 1930.548], [0.0001371, 0.027], [0.0001385, 0.027]], 'timestamp': 1711986990220, 'datetime': '2024-04-01T15:56:30.220Z', 'nonce': None}, 'ADA/BTC': {'symbol': 'ADA/BTC', 'bids': [[8.91e-06, 22.0], [8.909e-06, 1014.0], [8.907e-06, 991.0], [8.906e-06, 16286.0], [8.905e-06, 41314.0], [8.902e-06, 27818.0], [8.901e-06, 15960.0], [8.9e-06, 30.0], [8.898e-06, 140.0], [8.894e-06, 49525.0]], 'asks': [[8.923e-06, 1053.0], [8.924e-06, 12984.0], [8.925e-06, 14603.0], [8.929e-06, 29422.0], [8.932e-06, 135.0], [8.933e-06, 28.0], [8.935e-06, 40394.0], [8.936e-06, 54018.0], [8.937e-06, 26250.0], [8.94e-06, 1120.0]], 'timestamp': 1711986990178, 'datetime': '2024-04-01T15:56:30.178Z', 'nonce': None}, 'SNX/USDT': {'symbol': 'SNX/USDT', 'bids': [[4.32503, 0.76], [4.29596, 0.01], [4.25064, 0.02], [4.19088, 6.92], [4.19087, 1.19], [4.13732, 0.04], [4.12591, 0.02], [4.0981, 0.04], [4.00117, 0.02], [3.95095, 20.79]], 'asks': [[4.34944, 3.32], [4.35022, 3.41], [4.36075, 145.34], [4.36152, 149.0], [4.36209, 595.68], [4.36313, 574.96], [4.36499, 1524.56], [4.36506, 753.54], [4.36574, 1440.18], [4.36589, 4.13]], 'timestamp': 1711986989978, 'datetime': '2024-04-01T15:56:29.978Z', 'nonce': None}, 'USDC/CHF': {'symbol': 'USDC/CHF', 'bids': [[0.2751, 18.64]], 'asks': [[1.5589, 17.33]], 'timestamp': 1711986989551, 'datetime': '2024-04-01T15:56:29.551Z', 'nonce': None}, 'NEO/EURS': {'symbol': 'NEO/EURS', 'bids': [[1.00001, 0.06], [0.02, 0.3], [0.01, 10.0], [0.0006, 0.04], [0.0005, 0.05], [0.0004, 0.05], [0.0003, 0.05], [0.0002, 0.05], [0.00011, 90981.24], [0.0001, 1000.05]], 'asks': [[99.89111, 2.0], [99.89112, 1.19], [99.9, 20.45], [99.9999, 0.01]], 'timestamp': 1711986607037, 'datetime': '2024-04-01T15:50:07.037Z', 'nonce': None}, 'VET/BTC': {'symbol': 'VET/BTC', 'bids': [[6.32e-07, 10210.0], [6.319e-07, 1830.0], [6.299e-07, 360.0], [6.297e-07, 15860.0], [6.292e-07, 79000.0], [6.291e-07, 714320.0], [6.29e-07, 1726100.0], [6.289e-07, 2593890.0], [6.285e-07, 420.0], [6.2e-07, 10.0]], 'asks': [[6.383e-07, 16530.0], [6.395e-07, 203880.0], [6.401e-07, 340.0], [6.408e-07, 76680.0], [6.409e-07, 992810.0], [6.41e-07, 1754860.0], [6.411e-07, 2561720.0], [6.415e-07, 450.0], [6.416e-07, 154430.0], [6.427e-07, 330.0]], 'timestamp': 1711986990069, 'datetime': '2024-04-01T15:56:30.069Z', 'nonce': None}, 'XLMBTC_BQX': {'symbol': 'XLMBTC_BQX', 'bids': [[1.942e-06, 225.6], [1.941e-06, 5041.5], [1.94e-06, 4957.2], [1.939e-06, 282.0], [1.938e-06, 19650.7], [1.937e-06, 19719.6], [1.936e-06, 97480.6], [1.935e-06, 72764.0], [1.934e-06, 74821.5], [1.933e-06, 197933.8]], 'asks': [[1.949e-06, 226.4], [1.95e-06, 10316.0], [1.951e-06, 92054.8], [1.952e-06, 49493.3], [1.953e-06, 154079.2], [1.954e-06, 199804.6], [1.955e-06, 275485.6], [1.956e-06, 346712.9], [1.957e-06, 1186628.7], [1.96e-06, 939977.7]], 'timestamp': 1711986989527, 'datetime': '2024-04-01T15:56:29.527Z', 'nonce': None}, 'XLM/USDT': {'symbol': 'XLM/USDT', 'bids': [[0.132999, 375.0], [0.132993, 106.3], [0.132986, 110.1], [0.13298, 5089.8], [0.132973, 25337.2], [0.132913, 19468.3], [0.132899, 375.0], [0.132867, 49580.6], [0.13286, 48273.4], [0.132846, 77943.1]], 'asks': [[0.133101, 375.0], [0.133107, 114.1], [0.133114, 107.4], [0.13312, 5134.8], [0.133126, 19924.3], [0.133127, 4863.2], [0.133134, 18862.7], [0.13314, 48180.7], [0.133145, 74525.3], [0.133192, 48014.0]], 'timestamp': 1711986990214, 'datetime': '2024-04-01T15:56:30.214Z', 'nonce': None}, 'ADA/USDT:USDT': {'symbol': 'ADA/USDT:USDT', 'bids': [[0.6102, 26873.0], [0.6101, 57575.0], [0.61, 54155.0], [0.6099, 67774.0], [0.6098, 68928.0], [0.6097, 92398.0], [0.6096, 88418.0], [0.6095, 63667.0], [0.6094, 64880.0], [0.6093, 51510.0]], 'asks': [[0.6104, 29818.0], [0.6105, 46049.0], [0.6106, 62592.0], [0.6107, 175884.0], [0.6108, 74502.0], [0.6109, 105347.0], [0.611, 54272.0], [0.6111, 42541.0], [0.6112, 275816.0], [0.6114, 40483.0]], 'timestamp': 1711986990254, 'datetime': '2024-04-01T15:56:30.254Z', 'nonce': None}, 'ETC/BTC': {'symbol': 'ETC/BTC', 'bids': [[0.0004689, 10.37], [0.0004687, 41.68], [0.0004682, 2.88], [0.000468, 7.21], [0.0004676, 21.02], [0.0004674, 2.64], [0.0004653, 2.52], [0.0004387, 2.65], [0.0004122, 2.81], [0.0003887, 2.76]], 'asks': [[0.00047, 10.35], [0.0004703, 44.15], [0.0004705, 7.01], [0.0004706, 104.27], [0.0004708, 15.63], [0.0004709, 149.75], [0.000471, 69.56], [0.0004713, 67.0], [0.0004714, 208.24], [0.0004717, 342.64]], 'timestamp': 1711986990191, 'datetime': '2024-04-01T15:56:30.191Z', 'nonce': None}, 'BTG/ETH': {'symbol': 'BTG/ETH', 'bids': [[0.012055, 8.993], [0.012038, 13.267], [0.012035, 0.416], [0.0109, 0.06], [0.0107, 0.06], [0.0105, 0.06], [0.0103, 0.06], [0.0101, 0.06], [0.0099, 0.07], [0.0097, 0.068]], 'asks': [[0.0136, 0.06], [0.0139, 0.07], [0.0143, 0.06], [0.0147, 0.06], [0.0151, 0.06], [0.0155, 0.06], [0.0159, 0.06], [0.0163, 0.06], [0.0167, 0.06], [0.0171, 0.06]], 'timestamp': 1711986989579, 'datetime': '2024-04-01T15:56:29.579Z', 'nonce': None}, 'OMG/BTC': {'symbol': 'OMG/BTC', 'bids': [[1.396e-05, 766.83], [1.395e-05, 1276.71], [1.375e-05, 1.0], [1.355e-05, 726.76], [1.344e-05, 0.29], [1.333e-05, 8694.56], [1.33e-05, 14565.54], [1.324e-05, 25683.56], [1.316e-05, 28166.44], [1.304e-05, 26127.07]], 'asks': [[1.507e-05, 629.74], [1.51e-05, 9573.49], [1.513e-05, 13602.72], [1.516e-05, 26208.25], [1.52e-05, 24685.4], [1.521e-05, 26107.69], [1.526e-05, 25908.26], [1.529e-05, 26054.52], [1.547e-05, 5.16], [1.561e-05, 5.16]], 'timestamp': 1711986989684, 'datetime': '2024-04-01T15:56:29.684Z', 'nonce': None}, 'HBARUSD_BQX': {'symbol': 'HBARUSD_BQX', 'bids': [[0.032283, 586.0]], 'asks': [[0.182937, 586.0]], 'timestamp': 1711986989074, 'datetime': '2024-04-01T15:56:29.074Z', 'nonce': None}, 'BAT/BTC': {'symbol': 'BAT/BTC', 'bids': [[4.52e-06, 2357.5], [4.519e-06, 50.1], [4.517e-06, 2193.0], [4.515e-06, 29678.8], [4.512e-06, 61.6], [4.511e-06, 43875.2], [4.509e-06, 31957.9], [4.507e-06, 39728.9], [4.504e-06, 28068.6], [4.502e-06, 30108.7]], 'asks': [[4.539e-06, 2179.1], [4.542e-06, 27549.9], [4.546e-06, 44524.5], [4.548e-06, 897.0], [4.549e-06, 43934.5], [4.552e-06, 49957.0], [4.555e-06, 45786.1], [4.559e-06, 43420.9], [4.562e-06, 50109.7], [4.651e-06, 6.9]], 'timestamp': 1711986988470, 'datetime': '2024-04-01T15:56:28.470Z', 'nonce': None}, 'FTT/ETH': {'symbol': 'FTT/ETH', 'bids': [[0.000158, 271.72], [0.000157, 83.138], [8.2e-05, 60.0], [8.1e-05, 987.654], [7.4e-05, 16.943], [3.4e-05, 49.3], [2.9e-05, 344.827], [7e-06, 985.0], [6e-06, 1666.666], [5e-06, 300.0]], 'asks': [[0.000699, 0.009], [0.0007, 0.17], [0.000719, 0.001], [0.000729, 0.001], [0.000739, 0.001], [0.000749, 0.001], [0.000759, 0.001], [0.000769, 0.001], [0.000779, 0.001], [0.000789, 0.001]], 'timestamp': 1711986988715, 'datetime': '2024-04-01T15:56:28.715Z', 'nonce': None}, 'LINKUSDT_BQX': {'symbol': 'LINKUSDT_BQX', 'bids': [[17.95979, 1.6], [17.94838, 37.96], [17.94836, 37.23], [17.93958, 151.17], [17.93826, 146.16], [17.93255, 2.11], [17.93225, 351.8], [17.93067, 360.7], [17.92476, 560.49], [17.92326, 527.16]], 'asks': [[17.98006, 0.78], [17.98017, 0.83], [17.98928, 36.85], [17.9898, 38.34], [17.99594, 145.55], [17.99641, 146.89], [18.00223, 368.6], [18.00453, 371.94], [18.00462, 0.99], [18.00466, 1.02]], 'timestamp': 1711986990256, 'datetime': '2024-04-01T15:56:30.256Z', 'nonce': None}, 'ZRX/BTC': {'symbol': 'ZRX/BTC', 'bids': [[1.003e-05, 1151.5], [1.0029e-05, 143.7], [9.911e-06, 129.3], [9.889e-06, 643.0], [9.888e-06, 133.7], [9.82e-06, 0.1], [9.776e-06, 0.1], [9.75e-06, 5.0], [9.604e-06, 0.1], [9.576e-06, 0.1]], 'asks': [[1.0132e-05, 16.4], [1.0133e-05, 3590.6], [1.0135e-05, 6965.7], [1.0143e-05, 19.6], [1.0159e-05, 11419.0], [1.0254e-05, 54.5], [1.0255e-05, 14511.4], [1.0379e-05, 0.4], [1.0478e-05, 0.4], [1.1241e-05, 123.2]], 'timestamp': 1711986989437, 'datetime': '2024-04-01T15:56:29.437Z', 'nonce': None}, 'OP/USDT': {'symbol': 'OP/USDT', 'bids': [[3.4466, 7.98], [3.4428, 10.19], [3.4309, 1452.62], [3.4298, 2620.79], [3.4297, 5842.97], [3.429, 3293.85], [3.4289, 1895.24], [3.4279, 5.08], [3.4274, 4663.33], [3.4249, 17556.75]], 'asks': [[3.4484, 4.13], [3.4487, 188.68], [3.4488, 4.11], [3.4489, 723.5], [3.4491, 2010.58], [3.4493, 2732.97], [3.4498, 747.25], [3.4504, 3563.88], [3.4505, 1213.95], [3.4508, 4963.68]], 'timestamp': 1711986990300, 'datetime': '2024-04-01T15:56:30.300Z', 'nonce': None}, 'BCHUSDT_BQX': {'symbol': 'BCHUSDT_BQX', 'bids': [[634.176, 0.0347], [633.405, 1.5436], [633.32, 0.0448], [632.999, 6.4109], [632.554, 15.5101], [632.206, 22.3562], [631.966, 30.2336], [631.57, 41.0536], [630.569, 53.7067], [630.241, 75.0452]], 'asks': [[634.822, 0.0339], [635.774, 0.0413], [635.86, 1.4851], [636.317, 6.3973], [636.494, 15.2321], [636.693, 22.0573], [636.971, 31.5577], [637.241, 41.4363], [637.428, 54.8805], [637.751, 71.3634]], 'timestamp': 1711986990187, 'datetime': '2024-04-01T15:56:30.187Z', 'nonce': None}, 'ZRXUSD_BQX': {'symbol': 'ZRXUSD_BQX', 'bids': [[0.207921, 114.1]], 'asks': [], 'timestamp': 1711986989407, 'datetime': '2024-04-01T15:56:29.407Z', 'nonce': None}, 'TRX/BTC': {'symbol': 'TRX/BTC', 'bids': [[1.7554e-06, 416.0], [1.7549e-06, 122.0], [1.752e-06, 156.0], [1.7519e-06, 5406.0], [1.7501e-06, 6138.0], [1.7498e-06, 123.0], [1.7496e-06, 5241.0], [1.7495e-06, 22618.0], [1.7494e-06, 52970.0], [1.7493e-06, 81422.0]], 'asks': [[1.7602e-06, 115.0], [1.7604e-06, 5350.0], [1.7605e-06, 22702.0], [1.7606e-06, 52166.0], [1.7607e-06, 186186.0], [1.7608e-06, 147737.0], [1.7609e-06, 195547.0], [1.761e-06, 266556.0], [1.7611e-06, 5553.0], [1.7617e-06, 5369.0]], 'timestamp': 1711986989878, 'datetime': '2024-04-01T15:56:29.878Z', 'nonce': None}, 'BTC/GBP': {'symbol': 'BTC/GBP', 'bids': [[54447.34, 0.00022], [54434.49, 0.03853], [54430.5, 0.05887], [54429.79, 0.58578], [54427.65, 0.20795], [54407.69, 0.24616], [54379.98, 0.00027], [54364.64, 0.0101], [54308.95, 0.38355], [54297.87, 0.50341]], 'asks': [[54537.06, 0.00022], [54562.0, 0.0099], [54562.01, 0.20691], [54562.18, 0.15645], [54565.41, 0.1975], [54581.7, 0.24207], [54593.28, 0.39834], [54607.92, 0.00028], [54608.46, 0.32159], [54638.46, 0.01044]], 'timestamp': 1711986990235, 'datetime': '2024-04-01T15:56:30.235Z', 'nonce': None}, 'BCH/EURS': {'symbol': 'BCH/EURS', 'bids': [], 'asks': [], 'timestamp': 1711851985646, 'datetime': '2024-03-31T02:26:25.646Z', 'nonce': None}, 'LTC/USDT': {'symbol': 'LTC/USDT', 'bids': [[98.3449, 1.294], [98.3403, 7.782], [98.3354, 32.0], [98.335, 0.17], [98.3303, 1.125], [98.3252, 7.707], [98.3133, 75.988], [98.3087, 29.358], [98.2907, 118.63], [98.2794, 80.149]], 'asks': [[98.365, 0.173], [98.3753, 7.72], [98.3899, 0.177], [98.3925, 31.826], [98.3997, 7.647], [98.4136, 75.993], [98.414, 30.291], [98.4285, 115.454], [98.4296, 78.85], [98.4335, 204.542]], 'timestamp': 1711986990270, 'datetime': '2024-04-01T15:56:30.270Z', 'nonce': None}, 'ATOM/USDT:USDT': {'symbol': 'ATOM/USDT:USDT', 'bids': [[11.5, 29.479], [11.499, 29.835], [11.498, 527.354], [11.497, 162.35], [11.496, 513.243], [11.495, 4225.836], [11.494, 645.631], [11.493, 7605.631], [11.492, 1270.038], [11.491, 1186.858]], 'asks': [[11.511, 26.174], [11.513, 346.825], [11.514, 367.374], [11.515, 605.641], [11.516, 163.907], [11.517, 205.496], [11.518, 267.064], [11.519, 963.006], [11.52, 539.614], [11.521, 708.886]], 'timestamp': 1711986990291, 'datetime': '2024-04-01T15:56:30.291Z', 'nonce': None}, 'NEXO/BTC': {'symbol': 'NEXO/BTC', 'bids': [[1.8808e-05, 10.0], [1.8779e-05, 14.0], [1.8017e-05, 822.0], [1.8015e-05, 5.0], [1.8e-05, 103.0], [1.7744e-05, 1.0], [1.7671e-05, 30.0], [1.7e-05, 11.0], [1.6383e-05, 10.0], [1.63e-05, 6.0]], 'asks': [[1.8822e-05, 11.0], [1.8851e-05, 13.0], [1.8853e-05, 510.0], [1.8874e-05, 1892.0], [1.8904e-05, 4866.0], [1.8947e-05, 7353.0], [1.9016e-05, 9256.0], [1.9078e-05, 12317.0], [1.9191e-05, 16746.0], [1.95e-05, 4.0]], 'timestamp': 1711986989886, 'datetime': '2024-04-01T15:56:29.886Z', 'nonce': None}, 'XEM/ETH': {'symbol': 'XEM/ETH', 'bids': [[1.2843e-05, 2039.0], [1.2842e-05, 7559.0], [1.2506e-05, 52.0], [1.2387e-05, 52.0], [1e-05, 100.0], [7.286e-06, 89.0], [6.769e-06, 295.0], [4.769e-06, 419.0], [3.004e-06, 243.0], [2.769e-06, 722.0]], 'asks': [[1.4189e-05, 8.0], [1.4325e-05, 8.0], [1.6924e-05, 327.0], [1.6925e-05, 2.0], [1.9722e-05, 8.0], [2.0039e-05, 50.0], [2.3486e-05, 2.0], [2.4e-05, 1.0], [2.4099e-05, 3667.0], [2.41e-05, 35292.0]], 'timestamp': 1711986989947, 'datetime': '2024-04-01T15:56:29.947Z', 'nonce': None}, 'ETHUSD_BQX': {'symbol': 'ETHUSD_BQX', 'bids': [[3451.924, 0.0041], [3449.727, 0.1812], [3449.429, 0.5522], [3449.277, 2.953], [3449.242, 1.1511], [3449.241, 2.1136], [3447.84, 3.6002], [3447.318, 4.6945], [3446.285, 0.0052], [1037.265, 0.0201]], 'asks': [[3460.984, 0.0039], [3463.062, 0.5619], [3463.428, 0.1835], [3463.7, 1.0546], [3463.959, 2.3121], [3464.28, 6.4031], [3464.34, 4.759], [3464.469, 21.9315], [3465.086, 11.1544], [3465.112, 16.6449]], 'timestamp': 1711986990202, 'datetime': '2024-04-01T15:56:30.202Z', 'nonce': None}, 'ETH/BTC': {'symbol': 'ETH/BTC', 'bids': [[0.050529, 0.0843], [0.050527, 0.004], [0.050522, 0.9311], [0.050519, 0.085], [0.050514, 0.0057], [0.050512, 4.8183], [0.050509, 21.561], [0.050504, 7.3926], [0.050502, 3.5402], [0.050499, 9.0975]], 'asks': [[0.050536, 0.005], [0.050541, 10.9376], [0.050543, 0.004], [0.050548, 2.7388], [0.050549, 4.6176], [0.05055, 5.9062], [0.050551, 10.528], [0.050554, 9.2674], [0.050561, 10.945], [0.050563, 3.854]], 'timestamp': 1711986990299, 'datetime': '2024-04-01T15:56:30.299Z', 'nonce': None}, 'XTZ/BTC': {'symbol': 'XTZ/BTC', 'bids': [[1.921e-05, 520.5], [1.92e-05, 7272.0], [1.918e-05, 9993.8], [1.916e-05, 11047.8], [1.913e-05, 12981.2], [1.91e-05, 14672.5], [1.908e-05, 764.0], [1.907e-05, 16845.0], [1.905e-05, 4064.5], [1.904e-05, 3895.2]], 'asks': [[1.931e-05, 364.4], [1.932e-05, 546.2], [1.935e-05, 6810.6], [1.937e-05, 22573.0], [1.938e-05, 14300.4], [1.939e-05, 13402.1], [1.94e-05, 24015.1], [1.941e-05, 13646.0], [1.942e-05, 15920.8], [1.943e-05, 13873.1]], 'timestamp': 1711986989873, 'datetime': '2024-04-01T15:56:29.873Z', 'nonce': None}, 'ETHUSDT_BQX': {'symbol': 'ETHUSDT_BQX', 'bids': [[3455.051, 0.0083], [3453.15, 0.1902], [3453.083, 0.1983], [3451.901, 0.7241], [3451.725, 0.7668], [3450.927, 1.9823], [3450.494, 1.8106], [3449.741, 2.8186], [3449.577, 0.0053], [3449.575, 0.0053]], 'asks': [[3457.66, 0.0042], [3457.675, 0.0041], [3459.598, 0.1955], [3459.772, 0.1831], [3460.813, 0.7255], [3460.847, 0.7868], [3461.489, 1.8951], [3461.6, 1.9591], [3462.283, 2.7313], [3462.419, 0.005]], 'timestamp': 1711986990262, 'datetime': '2024-04-01T15:56:30.262Z', 'nonce': None}, 'EOSUSD_BQX': {'symbol': 'EOSUSD_BQX', 'bids': [[0.30783, 76.68]], 'asks': [[1.74437, 76.68]], 'timestamp': 1711986989804, 'datetime': '2024-04-01T15:56:29.804Z', 'nonce': None}, 'BCHBTC_BQX': {'symbol': 'BCHBTC_BQX', 'bids': [[0.009268, 0.0344], [0.00926, 1.5957], [0.009255, 0.0419], [0.009252, 6.0119], [0.00924, 15.6697], [0.009236, 24.0226], [0.009227, 29.1743], [0.009221, 42.2385], [0.009216, 56.4074], [0.009208, 77.0443]], 'asks': [[0.009283, 0.0351], [0.00929, 1.5992], [0.009296, 6.3638], [0.009304, 14.9926], [0.009311, 22.3113], [0.009318, 29.4457], [0.009325, 39.3197], [0.009327, 53.6859], [0.009334, 106.8609], [0.009336, 70.6776]], 'timestamp': 1711986990092, 'datetime': '2024-04-01T15:56:30.092Z', 'nonce': None}, 'LINK/USDT:USDT': {'symbol': 'LINK/USDT:USDT', 'bids': [[17.983, 292.4], [17.982, 458.3], [17.981, 314.8], [17.98, 583.2], [17.979, 1021.3], [17.978, 685.4], [17.977, 513.3], [17.976, 1610.9], [17.975, 735.5], [17.974, 603.3]], 'asks': [[17.984, 257.5], [17.985, 38.6], [17.986, 1723.4], [17.987, 1050.1], [17.988, 1050.1], [17.989, 3878.8], [17.99, 627.0], [17.991, 627.0], [17.992, 2384.5], [17.993, 937.8]], 'timestamp': 1711986990391, 'datetime': '2024-04-01T15:56:30.391Z', 'nonce': None}, 'MANA/USDT': {'symbol': 'MANA/USDT', 'bids': [[0.6166999, 24.0], [0.6165691, 22.0], [0.6165074, 1087.0], [0.6163383, 22.0], [0.615959, 6317.0], [0.6158905, 28.0], [0.6157937, 9435.0], [0.61566, 29.0], [0.6155072, 12808.0], [0.615414, 13594.0]], 'asks': [[0.6169268, 24.0], [0.6169309, 23.0], [0.6169617, 22.0], [0.6169869, 1023.0], [0.6170234, 1057.0], [0.6171671, 4329.0], [0.6171683, 6023.0], [0.6172283, 4160.0], [0.6172921, 9356.0], [0.6172936, 11436.0]], 'timestamp': 1711986990283, 'datetime': '2024-04-01T15:56:30.283Z', 'nonce': None}, 'XYM/BTC': {'symbol': 'XYM/BTC', 'bids': [[3.66e-07, 0.1], [3.65e-07, 3.0], [3.51e-07, 4.0], [3.5e-07, 10.0], [3.35e-07, 3.0], [3.09e-07, 62.0], [3.08e-07, 231.9], [3.05e-07, 3.0], [3e-07, 13.0], [2.85e-07, 3.0]], 'asks': [[4.14e-07, 1270.4], [4.16e-07, 1283.2], [4.22e-07, 949.8], [4.5e-07, 10.0], [4.52e-07, 0.1], [4.6e-07, 0.1], [4.65e-07, 0.1], [4.7e-07, 0.1], [4.75e-07, 10.0], [4.77e-07, 0.1]], 'timestamp': 1711986824892, 'datetime': '2024-04-01T15:53:44.892Z', 'nonce': None}, 'XYM/USDT': {'symbol': 'XYM/USDT', 'bids': [[0.0253, 359000.0], [0.025, 1.0], [0.0234, 1093.8], [0.020042, 0.5], [0.020041, 0.1], [0.015201, 1.0], [0.0152, 32.8], [0.013, 16.0], [0.01252, 39.9], [0.011, 20.0]], 'asks': [[0.03118, 3266.7], [0.031181, 72.7], [0.035, 1.0], [0.04, 1.0], [0.044999, 28.6], [0.045, 1.0], [0.05, 17.5], [0.055, 1.0], [0.059183, 16.6], [0.06, 1.0]], 'timestamp': 1711986670596, 'datetime': '2024-04-01T15:51:10.596Z', 'nonce': None}, 'BCH/USDT:USDT': {'symbol': 'BCH/USDT:USDT', 'bids': [[633.42, 269.262], [633.38, 229.117], [633.29, 2.819], [633.22, 118.978], [633.13, 15.89], [633.02, 2.445], [632.97, 4.811], [632.96, 15.035], [632.95, 5.563], [632.88, 14.027]], 'asks': [[635.16, 7.268], [635.17, 13.265], [635.18, 21.301], [635.23, 18.44], [635.3, 24.776], [635.33, 4.721], [635.34, 13.628], [635.41, 34.614], [635.52, 21.146], [635.62, 27.673]], 'timestamp': 1711986990185, 'datetime': '2024-04-01T15:56:30.185Z', 'nonce': None}, 'AAVE/ETH': {'symbol': 'AAVE/ETH', 'bids': [[0.036178, 6.122], [0.036167, 73.203], [0.036104, 122.1], [0.036018, 207.903], [0.035972, 186.018], [0.035953, 0.001], [0.035928, 204.262], [0.035898, 0.005], [0.035886, 213.525], [0.035848, 189.751]], 'asks': [[0.036376, 5.837], [0.036409, 73.478], [0.036468, 115.734], [0.036493, 235.141], [0.03655, 235.539], [0.036602, 226.786], [0.036618, 250.359], [0.036662, 243.17], [0.03668, 216.362], [0.03669, 3.489]], 'timestamp': 1711986987922, 'datetime': '2024-04-01T15:56:27.922Z', 'nonce': None}, 'BTC/EOSDT': {'symbol': 'BTC/EOSDT', 'bids': [[102222.0, 0.00024], [95111.0, 1e-05], [71888.0, 1e-05], [67744.76, 0.00012], [67102.62, 0.00012], [60965.56, 1e-05], [59000.01, 0.0101], [59000.0, 0.00156], [39472.13, 0.00019], [37055.0, 1e-05]], 'asks': [[215788.0, 0.0001], [280260.0, 0.0002], [280262.0, 0.0001], [381570.0, 0.0002], [381577.0, 0.0001], [839640.0, 0.0002], [839645.0, 0.00045], [848888.0, 1e-05], [858888.0, 1e-05], [868888.0, 1e-05]], 'timestamp': 1711984042883, 'datetime': '2024-04-01T15:07:22.883Z', 'nonce': None}, 'USDT/TUSD': {'symbol': 'USDT/TUSD', 'bids': [[1.0005, 3494.58], [1.00049, 6644.83], [1.000323, 9640.84], [1.0003, 54053.15], [1.000256, 33043.8], [0.999941, 42638.8], [0.999499, 18.01], [0.9992, 0.98], [0.999141, 60589.81], [0.996881, 14.28]], 'asks': [[1.000801, 14.88], [1.000994, 636.73], [1.001507, 19.05], [1.001848, 16.72], [1.001996, 17.89], [1.002006, 188.85], [1.00221, 12.5], [1.002367, 4.89], [1.002614, 5.97], [1.002625, 212.23]], 'timestamp': 1711986969339, 'datetime': '2024-04-01T15:56:09.339Z', 'nonce': None}, 'BCUG/ETH': {'symbol': 'BCUG/ETH', 'bids': [[1.001e-05, 10.0], [1e-05, 10.0], [3.02e-06, 33.11], [3e-06, 4000.0], [1.01e-06, 99.0], [1e-06, 100.0], [1.1e-07, 454.54], [1e-07, 1000.0], [3e-08, 1666.66], [2e-08, 54983.0]], 'asks': [[2.399e-05, 55.3], [2.4e-05, 0.01], [2.5e-05, 0.01], [2.6e-05, 0.01], [2.7e-05, 0.01], [2.8e-05, 0.01], [2.9e-05, 0.01], [3e-05, 0.01], [3.1e-05, 0.01], [3.2e-05, 0.01]], 'timestamp': 1711986990053, 'datetime': '2024-04-01T15:56:30.053Z', 'nonce': None}, 'YFIBTC_BQX': {'symbol': 'YFIBTC_BQX', 'bids': [[0.1262, 0.003324], [0.1261, 0.149151], [0.126, 0.310119], [0.0379, 0.028339]], 'asks': [[0.1269, 0.003219], [0.127, 0.150068], [0.1271, 1.380974], [0.1272, 0.707167], [0.1273, 2.249328], [0.2152, 0.031096]], 'timestamp': 1711986989629, 'datetime': '2024-04-01T15:56:29.629Z', 'nonce': None}, 'EOSUSDT_BQX': {'symbol': 'EOSUSDT_BQX', 'bids': [[1.02418, 29.32], [1.02357, 683.25], [1.02334, 670.76], [1.0228, 2742.22], [1.02264, 37.42], [1.02261, 2566.14], [1.02205, 6791.88], [1.02162, 6608.26], [1.02115, 9488.48], [1.02041, 9684.71]], 'asks': [[1.02526, 28.18], [1.02591, 645.27], [1.02613, 681.99], [1.0267, 2676.51], [1.0268, 37.0], [1.02695, 2600.13], [1.02765, 6876.51], [1.02778, 6396.13], [1.02824, 9785.64], [1.02855, 9721.29]], 'timestamp': 1711986989921, 'datetime': '2024-04-01T15:56:29.921Z', 'nonce': None}, 'LTCBTC_BQX': {'symbol': 'LTCBTC_BQX', 'bids': [[0.0014364, 0.349], [0.0014355, 15.804], [0.001435, 32.769], [0.0014349, 30.268], [0.0014344, 79.484], [0.0014343, 0.434], [0.0014338, 79.291], [0.001433, 115.953], [0.0014329, 118.219], [0.0014325, 159.491]], 'asks': [[0.0014392, 0.339], [0.0014399, 7.687], [0.0014403, 7.461], [0.0014409, 30.499], [0.0014411, 30.506], [0.0014417, 76.172], [0.0014421, 75.115], [0.0014427, 123.209], [0.0014435, 113.031], [0.0014444, 154.59]], 'timestamp': 1711986990226, 'datetime': '2024-04-01T15:56:30.226Z', 'nonce': None}, 'HBARBTC_BQX': {'symbol': 'HBARBTC_BQX', 'bids': [[1.568e-06, 267.0], [1.567e-06, 5875.0], [1.566e-06, 339.0], [1.564e-06, 6261.0], [1.56e-06, 23020.0], [1.557e-06, 24772.0], [1.556e-06, 124099.0], [1.555e-06, 91348.0], [1.552e-06, 89196.0], [1.55e-06, 123218.0]], 'asks': [[1.577e-06, 265.0], [1.578e-06, 12493.0], [1.579e-06, 25465.0], [1.582e-06, 25120.0], [1.584e-06, 302132.0], [1.585e-06, 384456.0], [1.586e-06, 163078.0], [1.587e-06, 206763.0], [1.59e-06, 208300.0], [1.591e-06, 283183.0]], 'timestamp': 1711986990012, 'datetime': '2024-04-01T15:56:30.012Z', 'nonce': None}, 'ZEC/USDT:USDT': {'symbol': 'ZEC/USDT:USDT', 'bids': [[28.3, 753.57], [28.29, 257.51], [28.28, 691.97], [28.27, 428.43], [28.25, 503.65], [28.24, 58.0], [28.23, 681.76], [28.22, 1015.72], [28.21, 255.3], [28.2, 226.4]], 'asks': [[28.39, 10.52], [28.4, 196.95], [28.41, 331.58], [28.42, 525.8], [28.43, 705.62], [28.44, 1086.61], [28.45, 834.55], [28.46, 1207.02], [28.47, 204.02], [28.48, 990.34]], 'timestamp': 1711986990204, 'datetime': '2024-04-01T15:56:30.204Z', 'nonce': None}, 'ALGOUSD_BQX': {'symbol': 'ALGOUSD_BQX', 'bids': [[0.074319, 237.1]], 'asks': [[0.421141, 237.1]], 'timestamp': 1711986988931, 'datetime': '2024-04-01T15:56:28.931Z', 'nonce': None}, 'USDCUSD_BQX': {'symbol': 'USDCUSD_BQX', 'bids': [[0.30033, 73.39]], 'asks': [[1.70187, 73.39], [1.70213, 1196.95]], 'timestamp': 1711986989544, 'datetime': '2024-04-01T15:56:29.544Z', 'nonce': None}, 'LUNA/USDT': {'symbol': 'LUNA/USDT', 'bids': [[1.04181, 3337.26], [1.04138, 5172.93], [1.04102, 7669.43], [1.03875, 9843.97], [1.03742, 11391.84], [1.03721, 13902.49], [1.01, 39.47], [1.00003, 273.11], [1.00002, 154.0], [1.0, 186.7]], 'asks': [[1.04941, 3317.35], [1.05005, 5541.13], [1.05068, 7266.0], [1.05138, 14197.95], [1.05149, 8636.81], [1.05201, 12445.16], [1.15999, 104.0], [1.16, 0.36], [1.16249, 132.0], [1.34957, 0.02]], 'timestamp': 1711986989419, 'datetime': '2024-04-01T15:56:29.419Z', 'nonce': None}, 'XLM/USDT:USDT': {'symbol': 'XLM/USDT:USDT', 'bids': [[0.13315, 598.0], [0.13314, 4390.0], [0.13313, 4499.0], [0.13312, 4121.0], [0.13311, 15767.0], [0.1331, 15111.0], [0.13309, 5253.0], [0.13308, 13325.0], [0.13307, 1868.0], [0.13306, 16746.0]], 'asks': [[0.13316, 4677.0], [0.13317, 21162.0], [0.13318, 11026.0], [0.13319, 11026.0], [0.1332, 30531.0], [0.13321, 32149.0], [0.13322, 37517.0], [0.13323, 5884.0], [0.13324, 5884.0], [0.13325, 35193.0]], 'timestamp': 1711986990377, 'datetime': '2024-04-01T15:56:30.377Z', 'nonce': None}, 'ENJ/USDT': {'symbol': 'ENJ/USDT', 'bids': [[0.47031, 118.7], [0.4703, 323.7], [0.46497, 10.0], [0.45889, 4933.2], [0.45819, 7954.8], [0.45788, 12777.6], [0.45752, 18963.8], [0.4572, 23223.0], [0.45681, 26966.5], [0.45613, 35129.8]], 'asks': [[0.52825, 2351.2], [0.52826, 249.3], [0.52829, 10.5], [0.53, 77.9], [0.54348, 11.7], [0.54349, 1551.5], [0.54649, 1522.2], [0.54949, 1522.3], [0.55249, 1522.2], [0.55549, 1522.2]], 'timestamp': 1711986989798, 'datetime': '2024-04-01T15:56:29.798Z', 'nonce': None}, 'BTC/EUR': {'symbol': 'BTC/EUR', 'bids': [[63671.41, 0.03022], [63667.5, 0.00984], [63663.9, 0.18348], [63645.54, 0.1504], [63620.53, 0.00043], [63603.86, 0.00136], [63599.28, 0.25837], [63598.96, 0.31604], [63597.86, 0.4644], [63596.83, 0.20854]], 'asks': [[63789.61, 0.07548], [63790.8, 0.01013], [63790.84, 0.02879], [63790.9, 0.18542], [63792.7, 0.01039], [63814.77, 0.16245], [63836.58, 0.14324], [63840.24, 0.58226], [63854.54, 0.00133], [63854.62, 0.19079]], 'timestamp': 1711986990240, 'datetime': '2024-04-01T15:56:30.240Z', 'nonce': None}, 'XLMUSDT_BQX': {'symbol': 'XLMUSDT_BQX', 'bids': [[0.132959, 224.2], [0.132874, 5019.4], [0.132869, 5169.2], [0.132826, 20212.6], [0.132782, 19836.2], [0.132759, 280.8], [0.132711, 53055.1], [0.132677, 52259.4], [0.132624, 78764.2], [0.132617, 73921.3]], 'asks': [[0.133141, 222.4], [0.133227, 5169.0], [0.133231, 4952.5], [0.133273, 20803.5], [0.133278, 20853.5], [0.13333, 49943.9], [0.133332, 50513.4], [0.133341, 285.7], [0.13337, 77733.9], [0.133415, 74307.1]], 'timestamp': 1711986989594, 'datetime': '2024-04-01T15:56:29.594Z', 'nonce': None}, 'MKR/BTC': {'symbol': 'MKR/BTC', 'bids': [[0.05372, 0.0044], [0.05371, 0.2037], [0.05366, 0.0055], [0.05365, 0.7839], [0.05362, 0.1883], [0.05361, 0.1968], [0.05357, 2.7485], [0.05355, 0.0058], [0.05352, 1.9664], [0.05351, 3.5219]], 'asks': [[0.05389, 0.2], [0.05395, 2.3212], [0.054, 4.1203], [0.05409, 11.4255], [0.05415, 0.31], [0.05416, 11.6091], [0.05418, 12.0213], [0.05425, 12.6856], [0.05431, 11.317], [0.0544, 12.3724]], 'timestamp': 1711986990296, 'datetime': '2024-04-01T15:56:30.296Z', 'nonce': None}, 'ATOM/USDT': {'symbol': 'ATOM/USDT', 'bids': [[11.50484, 1.23], [11.50386, 54.11], [11.50151, 230.37], [11.49943, 565.49], [11.49781, 253.38], [11.49621, 803.07], [11.49444, 379.02], [11.49399, 1055.61], [11.49319, 1.63], [11.49271, 510.71]], 'asks': [[11.50916, 1.21], [11.51031, 57.71], [11.51088, 225.69], [11.51167, 1.23], [11.51291, 588.42], [11.51344, 58.89], [11.51481, 865.09], [11.51498, 219.0], [11.51756, 1080.89], [11.51871, 584.63]], 'timestamp': 1711986990301, 'datetime': '2024-04-01T15:56:30.301Z', 'nonce': None}, 'EOS/BTC': {'symbol': 'EOS/BTC', 'bids': [[1.496e-05, 1314.22], [1.495e-05, 2555.79], [1.494e-05, 3338.41], [1.493e-05, 15119.21], [1.491e-05, 14965.49], [1.49e-05, 622.75], [1.489e-05, 18.01], [1.488e-05, 49076.69], [1.48e-05, 9.19], [1.475e-05, 41759.69]], 'asks': [[1.5e-05, 3971.48], [1.501e-05, 16256.85], [1.502e-05, 2505.72], [1.503e-05, 30590.24], [1.504e-05, 48732.96], [1.505e-05, 60268.17], [1.506e-05, 95324.76], [1.507e-05, 61337.33], [1.508e-05, 50728.87], [1.509e-05, 12680.06]], 'timestamp': 1711986990181, 'datetime': '2024-04-01T15:56:30.181Z', 'nonce': None}, 'ETH/EURS': {'symbol': 'ETH/EURS', 'bids': [[3100.0001, 0.03], [3100.0, 0.0317], [1510.0, 0.0166], [1500.0001, 0.0003], [1000.01, 0.0194], [701.0, 0.0002], [85.665, 0.0291], [75.14, 497.2675], [71.0, 500.0], [68.0, 500.0]], 'asks': [[4138.0, 0.0001], [4409.0, 0.001], [4620.0, 0.0001], [5409.0, 0.001], [6409.0, 0.001], [7409.0, 0.001], [8409.0, 0.001], [9409.0, 0.001], [10409.0, 0.001], [11409.0, 0.001]], 'timestamp': 1711959266113, 'datetime': '2024-04-01T08:14:26.113Z', 'nonce': None}, 'LINKBTC_BQX': {'symbol': 'LINKBTC_BQX', 'bids': [[0.00026248, 0.83], [0.00026247, 0.8], [0.00026232, 71.56], [0.00026222, 139.65], [0.00026216, 151.57], [0.0002621, 2.05], [0.00026202, 365.05], [0.00026195, 382.5], [0.00026185, 557.43], [0.00026184, 535.43]], 'asks': [[0.00026288, 1.66], [0.00026302, 37.62], [0.0002631, 37.47], [0.00026321, 2.01], [0.00026324, 150.14], [0.00026332, 147.0], [0.00026339, 350.94], [0.00026343, 369.81], [0.00026353, 576.36], [0.00026366, 536.9]], 'timestamp': 1711986990287, 'datetime': '2024-04-01T15:56:30.287Z', 'nonce': None}, 'KNC/BTC': {'symbol': 'KNC/BTC', 'bids': [[1.1908e-05, 17.2], [1.1895e-05, 23.0], [1.1892e-05, 797.9], [1.1864e-05, 3195.2], [1.1799e-05, 7747.1], [1.1745e-05, 11546.3], [1.125e-05, 5.0], [1.1214e-05, 0.3], [1.1001e-05, 0.1], [1.0979e-05, 9.0]], 'asks': [[1.2328e-05, 1.6], [1.2348e-05, 46.7], [1.2446e-05, 1.6], [1.2662e-05, 783.5], [1.2663e-05, 1140.0], [1.2665e-05, 23.8], [1.356e-05, 14780.0], [1.3593e-05, 5243.0], [1.3637e-05, 7411.9], [1.3666e-05, 7321.5]], 'timestamp': 1711986989986, 'datetime': '2024-04-01T15:56:29.986Z', 'nonce': None}, 'NEAR/BTC': {'symbol': 'NEAR/BTC', 'bids': [[9.7405e-05, 2.1], [9.739e-05, 99.8], [9.736e-05, 2.2], [9.7347e-05, 101.1], [9.7321e-05, 385.9], [9.7311e-05, 384.0], [9.7297e-05, 2.7], [9.7253e-05, 2.8], [9.7239e-05, 990.2], [9.7187e-05, 963.7]], 'asks': [[9.747e-05, 2.2], [9.7491e-05, 96.3], [9.7539e-05, 394.2], [9.7577e-05, 2.6], [9.7585e-05, 948.6], [9.764e-05, 1493.1], [9.7796e-05, 1963.4], [9.7998e-05, 2570.5], [9.8224e-05, 3439.9], [9.8988e-05, 17.3]], 'timestamp': 1711986990220, 'datetime': '2024-04-01T15:56:30.220Z', 'nonce': None}, 'HBAR/USDT': {'symbol': 'HBAR/USDT', 'bids': [[0.107592, 431.0], [0.107589, 558.0], [0.107578, 6097.0], [0.10747, 160.0], [0.10739, 5407.0], [0.107298, 54076.0], [0.107248, 525.0], [0.107221, 37158.0], [0.10722, 68437.0], [0.107118, 96401.0]], 'asks': [[0.107641, 431.0], [0.107646, 137.0], [0.107711, 137.0], [0.107722, 5793.0], [0.107723, 6122.0], [0.107727, 24124.0], [0.10773, 60695.0], [0.10775, 48684.0], [0.107761, 24831.0], [0.107767, 88104.0]], 'timestamp': 1711986990297, 'datetime': '2024-04-01T15:56:30.297Z', 'nonce': None}, 'ZEC/USDT': {'symbol': 'ZEC/USDT', 'bids': [[28.3185, 0.693], [28.3171, 0.472], [28.3085, 0.693], [28.2605, 22.231], [28.242, 0.596], [28.2378, 88.098], [28.2226, 229.872], [28.2101, 326.962], [28.1951, 416.356], [28.1496, 27.184]], 'asks': [[28.3429, 0.479], [28.3761, 0.693], [28.39, 99.583], [28.4032, 159.254], [28.4047, 21.665], [28.4084, 91.934], [28.415, 226.695], [28.4154, 224.112], [28.4214, 251.972], [28.4279, 0.625]], 'timestamp': 1711986990282, 'datetime': '2024-04-01T15:56:30.282Z', 'nonce': None}, 'HIFIUSD_BQX': {'symbol': 'HIFIUSD_BQX', 'bids': [], 'asks': [], 'timestamp': 1711851985644, 'datetime': '2024-03-31T02:26:25.644Z', 'nonce': None}, 'FTM/BTC': {'symbol': 'FTM/BTC', 'bids': [[1.34086e-05, 12.0], [1.33985e-05, 526.0], [1.33966e-05, 2148.0], [1.33938e-05, 15.0], [1.33905e-05, 5741.0], [1.33826e-05, 8201.0], [1.33776e-05, 752.0], [1.30538e-05, 43.0], [1.3e-05, 2.0], [1.28074e-05, 103.0]], 'asks': [[1.34214e-05, 12.0], [1.34227e-05, 560.0], [1.34234e-05, 2244.0], [1.3434e-05, 5543.0], [1.34362e-05, 15.0], [1.34418e-05, 827.0], [1.34436e-05, 8180.0], [1.34462e-05, 10047.0], [1.34529e-05, 15860.0], [1.34647e-05, 62548.0]], 'timestamp': 1711986990220, 'datetime': '2024-04-01T15:56:30.220Z', 'nonce': None}, 'ETH/USDT:USDT': {'symbol': 'ETH/USDT:USDT', 'bids': [[3457.66, 78.35], [3457.64, 14.976], [3457.63, 14.894], [3457.62, 0.1], [3457.61, 0.1], [3457.6, 0.2], [3457.56, 3.0], [3457.55, 3.0], [3457.54, 10.056], [3457.53, 10.056]], 'asks': [[3457.67, 10.396], [3457.68, 0.066], [3457.69, 0.066], [3457.78, 1.214], [3457.79, 1.214], [3457.8, 2.847], [3457.82, 4.056], [3457.83, 4.056], [3457.84, 13.803], [3457.9, 0.855]], 'timestamp': 1711986990348, 'datetime': '2024-04-01T15:56:30.348Z', 'nonce': None}, 'GALA/USDT': {'symbol': 'GALA/USDT', 'bids': [[0.062226, 250.7], [0.062223, 266.8], [0.062217, 11274.9], [0.062214, 11625.6], [0.062213, 44927.0], [0.062201, 47429.4], [0.062195, 121529.9], [0.062166, 178052.0], [0.062158, 324.0], [0.062155, 339.1]], 'asks': [[0.062247, 253.9], [0.062253, 11143.8], [0.062254, 260.3], [0.062265, 44898.2], [0.06227, 11969.6], [0.062275, 46711.7], [0.062281, 121082.5], [0.062292, 284424.8], [0.062294, 94851.1], [0.062299, 180806.7]], 'timestamp': 1711986990305, 'datetime': '2024-04-01T15:56:30.305Z', 'nonce': None}, 'XRPUSDT_BQX': {'symbol': 'XRPUSDT_BQX', 'bids': [[0.600288, 47.8], [0.59992, 1051.9], [0.599905, 1098.5], [0.599718, 8634.4], [0.599537, 22292.0], [0.599387, 60.3], [0.599357, 34019.4], [0.599177, 43544.7], [0.598899, 28675.0], [0.598432, 27449.9]], 'asks': [[0.600841, 47.7], [0.601202, 2124.6], [0.601382, 8665.9], [0.601564, 10929.2], [0.601578, 11399.7], [0.601738, 31.6], [0.60176, 30.7], [0.601768, 17018.3], [0.601831, 15792.8], [0.602023, 41182.2]], 'timestamp': 1711986990197, 'datetime': '2024-04-01T15:56:30.197Z', 'nonce': None}, 'EOSBTC_BQX': {'symbol': 'EOSBTC_BQX', 'bids': [[1.495e-05, 30.51], [1.494e-05, 1362.38], [1.493e-05, 2786.74], [1.492e-05, 2644.96], [1.491e-05, 6670.71], [1.49e-05, 16578.71], [1.489e-05, 10360.03], [1.488e-05, 13345.06], [1.486e-05, 12946.79], [1.485e-05, 16912.5]], 'asks': [[1.501e-05, 29.79], [1.502e-05, 3980.86], [1.503e-05, 2777.76], [1.504e-05, 13856.28], [1.505e-05, 10073.46], [1.506e-05, 23152.23], [1.507e-05, 30055.59], [1.508e-05, 64105.04], [1.509e-05, 63360.39], [1.51e-05, 89426.98]], 'timestamp': 1711986990287, 'datetime': '2024-04-01T15:56:30.287Z', 'nonce': None}, 'XRP/GBP': {'symbol': 'XRP/GBP', 'bids': [[0.478094, 24.4], [0.477677, 1104.5], [0.477376, 31.1], [0.477256, 1239.3], [0.477226, 4277.7], [0.477162, 10658.4], [0.476873, 14453.5], [0.476496, 25943.7], [0.475705, 8897.2], [0.475196, 9046.4]], 'asks': [[0.479286, 23.2], [0.479525, 1138.8], [0.479712, 4551.7], [0.479955, 1145.0], [0.480004, 31.4], [0.480043, 10587.5], [0.480237, 15686.9], [0.480363, 5076.6], [0.480364, 20358.0], [0.48038, 16190.1]], 'timestamp': 1711986990285, 'datetime': '2024-04-01T15:56:30.285Z', 'nonce': None}, 'LTC/EURS': {'symbol': 'LTC/EURS', 'bids': [[91.2367, 0.001], [87.9823, 0.001], [87.4201, 0.001], [84.7278, 0.001], [81.8401, 0.001], [81.4734, 0.001], [78.2189, 0.001], [76.2601, 0.001], [74.9645, 0.001], [71.71, 0.002]], 'asks': [[104.7199, 0.067], [104.72, 0.004], [105.1111, 0.001], [105.3638, 0.001], [105.8583, 0.001], [106.3866, 0.003], [108.9333, 0.001], [109.62, 0.009], [109.81, 0.005], [110.2444, 0.001]], 'timestamp': 1711986218718, 'datetime': '2024-04-01T15:43:38.718Z', 'nonce': None}, 'LINK/BTC': {'symbol': 'LINK/BTC', 'bids': [[0.00026258, 0.8], [0.00026257, 0.77], [0.00026254, 34.32], [0.00026253, 149.03], [0.00026251, 34.82], [0.00026242, 346.64], [0.00026232, 515.24], [0.00026231, 144.3], [0.00026229, 1.04], [0.00026228, 695.24]], 'asks': [[0.00026272, 0.8], [0.0002628, 35.97], [0.00026283, 0.78], [0.00026286, 37.23], [0.00026297, 145.05], [0.00026301, 1.02], [0.00026302, 139.8], [0.00026303, 346.34], [0.0002631, 521.9], [0.00026312, 1.04]], 'timestamp': 1711986990283, 'datetime': '2024-04-01T15:56:30.283Z', 'nonce': None}, 'ALGO/USDT': {'symbol': 'ALGO/USDT', 'bids': [[0.247499, 71.2], [0.247487, 58.6], [0.247475, 57.0], [0.247462, 2667.0], [0.24745, 2685.9], [0.247399, 71.2], [0.247357, 10549.3], [0.24735, 10698.3], [0.247275, 26088.5], [0.247215, 71.2]], 'asks': [[0.247601, 71.2], [0.247613, 57.8], [0.247625, 60.9], [0.247638, 2727.5], [0.24765, 2573.6], [0.247713, 10339.2], [0.247727, 10920.2], [0.247775, 25393.4], [0.247834, 26391.2], [0.247885, 74.3]], 'timestamp': 1711986990227, 'datetime': '2024-04-01T15:56:30.227Z', 'nonce': None}, 'UNIUSD_BQX': {'symbol': 'UNIUSD_BQX', 'bids': [[3.69885, 7.31]], 'asks': [[20.96015, 7.31]], 'timestamp': 1711986989068, 'datetime': '2024-04-01T15:56:29.068Z', 'nonce': None}, 'CHZ/ETH': {'symbol': 'CHZ/ETH', 'bids': [[3.9563e-05, 5368.0], [3.9517e-05, 73162.0], [3.8507e-05, 104318.0], [3.688e-05, 18.0], [3.6684e-05, 196.0], [3.6683e-05, 545204.0], [3.6531e-05, 18.0], [3.6311e-05, 522902.0], [3.6139e-05, 510343.0], [3.5897e-05, 520393.0]], 'asks': [[3.9756e-05, 5059.0], [3.9818e-05, 69255.0], [3.9889e-05, 5869.0], [3.9897e-05, 102976.0], [3.9953e-05, 5472.0], [4.0012e-05, 5395.0], [4.0047e-05, 6213.0], [4.0059e-05, 5386.0], [4.0128e-05, 5479.0], [0.00021, 57.0]], 'timestamp': 1711986988310, 'datetime': '2024-04-01T15:56:28.310Z', 'nonce': None}, 'NEO/BTC': {'symbol': 'NEO/BTC', 'bids': [[0.0002237, 0.06], [0.0002236, 0.96], [0.0002235, 46.53], [0.0002234, 90.64], [0.0002232, 169.89], [0.0002231, 441.17], [0.000223, 680.32], [0.0002226, 596.72], [0.0002224, 869.92], [0.0002205, 862.89]], 'asks': [[0.0002241, 46.08], [0.0002243, 45.97], [0.0002244, 953.55], [0.0002245, 857.99], [0.0002247, 877.71], [0.0002249, 4179.87], [0.000225, 643.89], [0.0002251, 3762.06], [0.0002253, 839.85], [0.0002254, 4278.78]], 'timestamp': 1711986990246, 'datetime': '2024-04-01T15:56:30.246Z', 'nonce': None}, 'BSV/USDT': {'symbol': 'BSV/USDT', 'bids': [[92.2745, 0.862], [92.2699, 63.515], [92.2475, 0.862], [92.1971, 100.357], [92.0972, 118.628], [92.0728, 7.694], [92.0238, 152.265], [92.0, 19.885], [91.9764, 211.461], [91.9723, 102.394]], 'asks': [[92.6527, 4.597], [92.6802, 66.168], [92.7047, 0.176], [92.725, 90.61], [92.7902, 120.673], [92.7922, 8.288], [92.8123, 165.891], [92.8563, 33.151], [92.8623, 0.234], [92.8782, 223.099]], 'timestamp': 1711986990303, 'datetime': '2024-04-01T15:56:30.303Z', 'nonce': None}, 'ALPACA/USDT': {'symbol': 'ALPACA/USDT', 'bids': [[0.191731, 104.3], [0.19173, 102.8], [0.141455, 279.7], [0.141454, 179.5], [0.14005, 0.3], [0.14, 1.0], [0.12, 1.0], [0.10167, 4.9], [0.10021, 329.4], [0.1, 1.7]], 'asks': [[0.268069, 143.3], [0.26807, 232.9], [0.352001, 19.5], [0.352002, 5.0], [0.403061, 0.3], [0.416415, 110.4], [0.418367, 0.5], [0.433673, 0.4], [0.448979, 0.5], [0.464285, 0.4]], 'timestamp': 1711986989724, 'datetime': '2024-04-01T15:56:29.724Z', 'nonce': None}, 'BSV/BTC': {'symbol': 'BSV/BTC', 'bids': [[0.001347, 7.702], [0.001346, 102.488], [0.001345, 158.068], [0.001342, 435.164], [0.00134, 428.337], [0.001338, 409.858], [0.001336, 418.297], [0.001333, 437.169], [0.001327, 0.001], [0.001321, 2.946]], 'asks': [[0.001355, 4.597], [0.001356, 7.967], [0.001357, 105.269], [0.001358, 151.437], [0.001359, 352.934], [0.00136, 327.611], [0.001361, 340.549], [0.001363, 308.153], [0.001364, 318.379], [0.001434, 0.001]], 'timestamp': 1711986989400, 'datetime': '2024-04-01T15:56:29.400Z', 'nonce': None}, 'SENT/USDT': {'symbol': 'SENT/USDT', 'bids': [[0.0006501, 59990.0], [0.00065, 100.0], [0.0006454, 3839.0], [0.0006389, 39090.0], [0.0006, 97.0], [0.00055, 100.0], [0.0005, 100.0], [0.00045, 100.0], [0.0004031, 1967.0], [0.0004, 100.0]], 'asks': [[0.00071, 16.0], [0.00075, 100.0], [0.0008, 100.0], [0.00081, 20.0], [0.0009, 116.0], [0.001, 100.0], [0.0012, 100.0], [0.0014, 100.0], [0.0016, 100.0], [0.0018, 100.0]], 'timestamp': 1711986679912, 'datetime': '2024-04-01T15:51:19.912Z', 'nonce': None}, 'STOX/USDT': {'symbol': 'STOX/USDT', 'bids': [[3.4914, 4.1], [3.4911, 178.2], [3.4898, 728.3], [3.4884, 1866.2], [3.4877, 5.1], [3.4849, 2722.3], [3.4824, 3691.2], [3.4816, 4667.0], [3.4808, 6301.0], [3.4788, 8835.5]], 'asks': [[3.4927, 3.9], [3.4931, 191.6], [3.4935, 721.2], [3.4952, 1939.0], [3.4962, 2702.7], [3.4965, 5.0], [3.4979, 3624.3], [3.4982, 1940.3], [3.4992, 8108.1], [3.5003, 8303.6]], 'timestamp': 1711986990236, 'datetime': '2024-04-01T15:56:30.236Z', 'nonce': None}, 'BTG/BTC': {'symbol': 'BTG/BTC', 'bids': [[0.0006564, 4.925], [0.0006421, 13.783], [0.000642, 1.289], [0.000641, 1.291], [0.00064, 1.401], [0.000639, 1.401], [0.000638, 1.401], [0.000637, 1.398], [0.000636, 1.398], [0.000635, 1.398]], 'asks': [[0.000664, 31.602], [0.0006641, 2.693], [0.0006679, 0.814], [0.0006849, 23.524], [0.00069, 0.001], [0.0006981, 1.0], [0.0007, 0.001], [0.00071, 0.001], [0.00072, 0.304], [0.00075, 1.334]], 'timestamp': 1711986990250, 'datetime': '2024-04-01T15:56:30.250Z', 'nonce': None}, 'HBAR/BTC': {'symbol': 'HBAR/BTC', 'bids': [[1.569e-06, 5995.0], [1.568e-06, 162.0], [1.564e-06, 9307.0], [1.563e-06, 6783.0], [1.559e-06, 120835.0], [1.558e-06, 88043.0], [1.553e-06, 8785.0], [1.551e-06, 167214.0], [1.55e-06, 135352.0], [1.544e-06, 2.0]], 'asks': [[1.576e-06, 5975.0], [1.577e-06, 23390.0], [1.579e-06, 6799.0], [1.581e-06, 446539.0], [1.582e-06, 88803.0], [1.584e-06, 129086.0], [1.587e-06, 345053.0], [1.588e-06, 321204.0], [1.59e-06, 204932.0], [1.591e-06, 669108.0]], 'timestamp': 1711986989906, 'datetime': '2024-04-01T15:56:29.906Z', 'nonce': None}, 'USDCUSDT_BQX': {'symbol': 'USDCUSDT_BQX', 'bids': [[0.30001, 111.38]], 'asks': [[1.70009, 108.22]], 'timestamp': 1711986989383, 'datetime': '2024-04-01T15:56:29.383Z', 'nonce': None}, 'SAND/USDT:USDT': {'symbol': 'SAND/USDT:USDT', 'bids': [[0.64717, 3515.4], [0.64716, 533.4], [0.64714, 1185.9], [0.64713, 547.0], [0.6471, 2983.3], [0.647, 3917.1], [0.64696, 1088.3], [0.64689, 2992.5], [0.64687, 78754.5], [0.64686, 28350.7]], 'asks': [[0.64772, 515.5], [0.64775, 580.8], [0.64781, 2267.1], [0.64784, 3403.0], [0.64798, 3993.5], [0.648, 2909.2], [0.64801, 3152.4], [0.64815, 4194.3], [0.64816, 5461.4], [0.6482, 6328.0]], 'timestamp': 1711986990378, 'datetime': '2024-04-01T15:56:30.378Z', 'nonce': None}, 'QNT/USDT': {'symbol': 'QNT/USDT', 'bids': [[125.276, 4.1773], [125.237, 25.3647], [125.145, 42.7045], [125.046, 53.7288], [125.035, 5.1563], [124.928, 0.141], [124.866, 20.3554], [121.715, 5.2703], [121.25, 75.0335], [119.416, 0.9592]], 'asks': [[125.533, 3.817], [125.558, 28.891], [125.637, 42.2902], [125.686, 58.2769], [125.779, 65.8289], [125.792, 80.8721], [125.813, 0.1094], [125.887, 112.7106], [125.925, 5.1635], [125.932, 20.8541]], 'timestamp': 1711986990302, 'datetime': '2024-04-01T15:56:30.302Z', 'nonce': None}, 'BCUG/BTC': {'symbol': 'BCUG/BTC', 'bids': [[5.05e-07, 200.0], [4.65e-07, 1.0], [4.56e-07, 0.01], [2.01e-07, 99.5], [1.01e-07, 198.01], [1e-07, 10.0], [2.8e-08, 1849.54], [2.7e-08, 740.74], [1.8e-08, 1111.11], [1.5e-08, 1333.33]], 'asks': [[7.46e-07, 0.01], [7.58e-07, 0.01], [7.67e-07, 0.01], [7.75e-07, 0.01], [7.89e-07, 0.01], [7.96e-07, 0.02], [8.07e-07, 0.01], [8.11e-07, 0.02], [8.18e-07, 0.04], [8.29e-07, 0.04]], 'timestamp': 1711983994595, 'datetime': '2024-04-01T15:06:34.595Z', 'nonce': None}, 'ATOM/ETH': {'symbol': 'ATOM/ETH', 'bids': [[0.0033258, 0.08], [0.003325, 56.21], [0.0033218, 733.18], [0.0033165, 1248.41], [0.0033127, 3211.92], [0.003311, 3408.72], [0.0033048, 3692.84], [0.0033012, 3673.69], [0.0033009, 3372.68], [0.0032992, 3.18]], 'asks': [[0.0033342, 56.27], [0.0033392, 860.72], [0.0033417, 1331.22], [0.0033472, 3034.4], [0.0033485, 3566.45], [0.0033491, 60.38], [0.0033528, 3013.06], [0.0033592, 3561.9], [0.0033601, 3535.42], [0.0033611, 3262.03]], 'timestamp': 1711986987207, 'datetime': '2024-04-01T15:56:27.207Z', 'nonce': None}, '1INCH/USDT': {'symbol': '1INCH/USDT', 'bids': [[0.580441, 25.2], [0.58037, 25.4], [0.580233, 1187.8], [0.579977, 4796.6], [0.579741, 1139.4], [0.579732, 31.9], [0.579568, 12236.5], [0.579462, 4627.5], [0.579256, 8383.4], [0.579222, 34.9]], 'asks': [[0.580759, 25.7], [0.58083, 26.5], [0.580888, 1168.5], [0.581045, 4933.3], [0.581168, 1161.2], [0.581306, 8252.5], [0.581362, 1182.6], [0.581409, 12355.2], [0.581468, 32.1], [0.581619, 4710.6]], 'timestamp': 1711986990282, 'datetime': '2024-04-01T15:56:30.282Z', 'nonce': None}, 'ETH/GBP': {'symbol': 'ETH/GBP', 'bids': [[2751.441, 0.004], [2748.713, 0.1889], [2748.542, 0.7619], [2747.971, 1.9587], [2747.265, 0.2143], [2746.598, 2.8704], [2745.968, 0.0055], [2745.048, 2.6713], [2742.942, 4.262], [2742.727, 3.7738]], 'asks': [[2755.583, 0.004], [2759.642, 0.0052], [2760.443, 0.1923], [2760.827, 0.1838], [2761.167, 2.7112], [2761.168, 2.8161], [2761.979, 3.7196], [2762.72, 2.9128], [2763.352, 5.0512], [2763.706, 3.791]], 'timestamp': 1711986990306, 'datetime': '2024-04-01T15:56:30.306Z', 'nonce': None}, 'BTC/DAI': {'symbol': 'BTC/DAI', 'bids': [[68743.72, 1e-05], [68340.22, 0.00022], [68314.24, 0.01141], [68273.9, 0.00989], [68237.57, 0.00028], [68236.76, 0.13283], [68200.52, 0.04149], [68188.9, 0.19424], [68174.28, 0.10241], [68141.25, 0.0991]], 'asks': [[69624.92, 0.01059], [69858.66, 0.00349], [69858.67, 0.14672], [69938.22, 0.1886], [70321.44, 0.56382], [70736.82, 0.5643], [71235.53, 0.57488], [71749.49, 0.55837], [72313.58, 0.52792], [72684.21, 0.49223]], 'timestamp': 1711986990198, 'datetime': '2024-04-01T15:56:30.198Z', 'nonce': None}, 'NEXO/USDT': {'symbol': 'NEXO/USDT', 'bids': [[1.2858713, 10.0], [1.2839408, 13.0], [1.2500003, 6.0], [1.2500002, 258.0], [1.2500001, 21.0], [1.25, 80.0], [0.799009, 35.0], [0.7700069, 14.0], [0.695, 10.0], [0.6125698, 326.0]], 'asks': [[1.3769985, 5.0], [1.3769987, 15.0], [1.4999941, 145.0], [1.5, 3.0], [1.5555555, 3.0], [1.6111111, 3.0], [1.6666666, 3.0], [1.7222222, 4.0], [1.7777777, 3.0], [1.8333333, 3.0]], 'timestamp': 1711986990086, 'datetime': '2024-04-01T15:56:30.086Z', 'nonce': None}, 'BTC/TUSD': {'symbol': 'BTC/TUSD', 'bids': [[68442.71, 0.00022], [68396.65, 0.00976], [68340.04, 0.00029], [68327.25, 0.04125], [68289.13, 0.10495], [68237.63, 0.14838], [68190.24, 0.18926], [68122.05, 0.26712], [67983.79, 0.36238], [67907.02, 0.4886]], 'asks': [[68469.86, 0.00022], [68517.78, 0.00962], [68565.71, 0.00027], [71934.1, 0.00311], [71934.11, 0.99691], [72651.13, 1.20416], [72695.17, 0.96437], [73127.69, 0.32269], [73266.65, 0.27935], [73401.08, 0.42573]], 'timestamp': 1711986989526, 'datetime': '2024-04-01T15:56:29.526Z', 'nonce': None}, 'BTC/USD': {'symbol': 'BTC/USD', 'bids': [[68351.5, 0.01904], [68348.03, 0.04818], [68343.42, 0.00021], [68319.1, 0.37973], [68319.05, 0.20888], [68318.72, 0.24565], [68316.2, 0.31111], [68311.49, 0.38007], [68308.39, 0.48716], [68305.61, 0.725]], 'asks': [[68410.81, 0.01973], [68421.16, 0.05168], [68428.97, 0.12297], [68429.95, 0.16194], [68430.97, 0.21143], [68431.28, 0.26508], [68435.26, 0.32421], [68438.18, 0.00022], [68459.99, 0.40044], [68463.5, 0.03911]], 'timestamp': 1711986990300, 'datetime': '2024-04-01T15:56:30.300Z', 'nonce': None}, 'FIL/USDT': {'symbol': 'FIL/USDT', 'bids': [[9.1435, 1.587], [9.141, 1.584], [9.1401, 72.776], [9.1388, 299.185], [9.1357, 737.457], [9.1345, 1078.736], [9.1322, 1433.5], [9.131, 2.084], [9.1301, 1842.546], [9.1297, 72.154]], 'asks': [[9.144, 1.672], [9.1455, 1.633], [9.1456, 70.061], [9.1463, 296.689], [9.1478, 736.13], [9.1483, 1117.074], [9.1499, 1461.64], [9.1512, 1903.664], [9.1539, 2578.629], [9.154, 2.02]], 'timestamp': 1711986990283, 'datetime': '2024-04-01T15:56:30.283Z', 'nonce': None}, 'FTM/USDT:USDT': {'symbol': 'FTM/USDT:USDT', 'bids': [[0.91762, 5883.9], [0.91741, 38704.3], [0.91739, 22583.8], [0.91736, 775.4], [0.91734, 15336.0], [0.91731, 4178.3], [0.91729, 1628.8], [0.91724, 874.6], [0.91703, 28062.7], [0.91668, 1505.0]], 'asks': [[0.91831, 849.3], [0.91847, 1667.5], [0.91872, 4436.2], [0.91878, 782.1], [0.9189, 11768.7], [0.91891, 1665.2], [0.91899, 3957.8], [0.9191, 6210.2], [0.91919, 8656.4], [0.91926, 1091.8]], 'timestamp': 1711986990365, 'datetime': '2024-04-01T15:56:30.365Z', 'nonce': None}, 'ALGO/BTC': {'symbol': 'ALGO/BTC', 'bids': [[3.614e-06, 2742.8], [3.609e-06, 13432.9], [3.608e-06, 66058.8], [3.605e-06, 75.4], [3.604e-06, 53416.5], [3.597e-06, 67581.6], [3.589e-06, 0.2], [3.582e-06, 0.2], [3.577e-06, 39597.7], [3.576e-06, 0.2]], 'asks': [[3.622e-06, 2840.5], [3.625e-06, 135.1], [3.626e-06, 35531.7], [3.629e-06, 58193.0], [3.631e-06, 13254.2], [3.632e-06, 209693.7], [3.635e-06, 150760.7], [3.637e-06, 142901.0], [3.639e-06, 165993.6], [3.64e-06, 159591.6]], 'timestamp': 1711986989426, 'datetime': '2024-04-01T15:56:29.426Z', 'nonce': None}, 'ALGOBTC_BQX': {'symbol': 'ALGOBTC_BQX', 'bids': [[3.612e-06, 115.7], [3.611e-06, 2541.3], [3.607e-06, 2930.9], [3.605e-06, 10259.6], [3.604e-06, 10878.9], [3.603e-06, 27063.7], [3.602e-06, 27752.3], [3.601e-06, 41619.1], [3.598e-06, 38509.8], [3.594e-06, 53868.2]], 'asks': [[3.624e-06, 116.8], [3.625e-06, 2708.4], [3.628e-06, 2795.4], [3.629e-06, 147.1], [3.63e-06, 22028.8], [3.632e-06, 25391.6], [3.634e-06, 26696.7], [3.636e-06, 41892.5], [3.637e-06, 40703.3], [3.638e-06, 55023.2]], 'timestamp': 1711986989930, 'datetime': '2024-04-01T15:56:29.930Z', 'nonce': None}, 'XRP/USDT:USDT': {'symbol': 'XRP/USDT:USDT', 'bids': [[0.6003, 4186.0], [0.6, 105714.0], [0.5999, 187792.0], [0.5998, 149036.0], [0.5997, 183206.0], [0.5996, 157847.0], [0.5994, 127725.0], [0.5992, 195967.0], [0.5979, 204621.0], [0.5978, 16338.0]], 'asks': [[0.6009, 4129.0], [0.6014, 17083.0], [0.6015, 102798.0], [0.6016, 101471.0], [0.6017, 45256.0], [0.6018, 88621.0], [0.602, 382655.0], [0.6022, 166495.0], [0.6023, 153183.0], [0.6026, 201340.0]], 'timestamp': 1711986990275, 'datetime': '2024-04-01T15:56:30.275Z', 'nonce': None}, 'TUSD/DAI': {'symbol': 'TUSD/DAI', 'bids': [[0.91955, 1.02], [0.9193, 75.42], [0.91929, 388.98], [0.8, 0.03], [0.40019, 1.23], [0.30004, 7.69], [0.29978, 59.92], [0.1, 0.09], [0.099, 58.08], [0.01004, 96.43]], 'asks': [[1.04489, 0.23], [1.0449, 0.17], [1.0549, 0.17], [1.12, 2.5], [1.13465, 9.7], [1.1469, 500000.0], [1.15372, 0.03], [1.15463, 0.03], [1.1849, 53.67], [1.20414, 0.04]], 'timestamp': 1711986989422, 'datetime': '2024-04-01T15:56:29.422Z', 'nonce': None}, 'SOL/USDT': {'symbol': 'SOL/USDT', 'bids': [[187.4912, 0.081], [187.4023, 3.543], [187.3962, 3.625], [187.3868, 15.068], [187.3681, 53.307], [187.3675, 37.457], [187.3587, 72.114], [187.3439, 99.473], [187.3204, 35.941], [187.3128, 132.46]], 'asks': [[187.5289, 336.178], [187.5388, 0.084], [187.5523, 110.877], [187.5544, 144.317], [187.5585, 283.255], [187.5652, 39.445], [187.5654, 53.562], [187.5696, 75.204], [187.5717, 646.324], [187.5733, 83.893]], 'timestamp': 1711986990300, 'datetime': '2024-04-01T15:56:30.300Z', 'nonce': None}, 'EOS/EURS': {'symbol': 'EOS/EURS', 'bids': [[0.4002, 10.2], [0.4, 0.98], [0.3, 0.88], [0.29, 1.0], [0.27976, 0.32], [0.27975, 1.0], [0.25974, 9.62], [0.01, 10.0], [0.006, 0.05], [0.005, 0.05]], 'asks': [[1.33332, 0.84], [2.73826, 1.0], [2.85829, 1.0], [2.86657, 2.0], [3.07351, 2.0], [3.13146, 3.0], [3.29701, 3.0], [4.78409, 0.01], [4.99411, 0.3], [5.03301, 0.02]], 'timestamp': 1711979207631, 'datetime': '2024-04-01T13:46:47.631Z', 'nonce': None}, 'SAND/BTC': {'symbol': 'SAND/BTC', 'bids': [[9.459e-06, 21.6], [9.4581e-06, 992.6], [9.4563e-06, 3764.9], [9.4547e-06, 1000.9], [9.4486e-06, 26.9], [9.4471e-06, 9961.7], [9.4396e-06, 13353.0], [9.4348e-06, 14891.5], [9.4012e-06, 1002.8], [9.3916e-06, 26.6]], 'asks': [[9.471e-06, 21.7], [9.4719e-06, 1018.1], [9.4733e-06, 1065.8], [9.4736e-06, 3891.1], [9.48e-06, 13207.1], [9.4814e-06, 27.6], [9.4829e-06, 10082.7], [9.4845e-06, 14744.0], [9.4866e-06, 20904.7], [9.4956e-06, 44810.5]], 'timestamp': 1711986990220, 'datetime': '2024-04-01T15:56:30.220Z', 'nonce': None}, 'BCH/BTC': {'symbol': 'BCH/BTC', 'bids': [[0.009273, 0.0341], [0.009271, 1.5069], [0.009268, 0.0345], [0.009267, 1.5626], [0.009266, 6.4591], [0.009264, 15.9322], [0.009263, 6.1534], [0.009258, 0.0433], [0.009255, 23.7629], [0.009254, 15.9146]], 'asks': [[0.009279, 0.0711], [0.00928, 1.5139], [0.009281, 1.5402], [0.009284, 6.3932], [0.009285, 6.6216], [0.009289, 16.6448], [0.00929, 0.043], [0.009291, 1.0906], [0.009293, 16.2797], [0.009296, 13.6486]], 'timestamp': 1711986990285, 'datetime': '2024-04-01T15:56:30.285Z', 'nonce': None}, 'TUSD/USD': {'symbol': 'TUSD/USD', 'bids': [[0.30264, 64.88], [0.09938, 531.07], [0.00993, 5314.98], [3e-05, 1759259.25]], 'asks': [[1.00679, 14.53], [1.00696, 483.58], [1.00749, 633.01], [1.00802, 17.98], [1.14867, 702.24], [1.15025, 10080.06], [1.15266, 14093.22], [1.15325, 6689.36], [1.71496, 64.88], [99.81001, 3.32]], 'timestamp': 1711986989827, 'datetime': '2024-04-01T15:56:29.827Z', 'nonce': None}, 'MKRUSD_BQX': {'symbol': 'MKRUSD_BQX', 'bids': [[1104.54, 0.0182]], 'asks': [[6259.06, 0.0182]], 'timestamp': 1711986987129, 'datetime': '2024-04-01T15:56:27.129Z', 'nonce': None}, 'SOL/BTC': {'symbol': 'SOL/BTC', 'bids': [[0.00274097, 0.191], [0.00274096, 0.27], [0.00274052, 0.083], [0.00274025, 3.709], [0.00274011, 15.291], [0.0027399, 38.319], [0.00273877, 54.307], [0.00273833, 70.441], [0.00273794, 3.675], [0.00273751, 0.1]], 'asks': [[0.00274118, 0.08], [0.00274155, 3.653], [0.00274194, 0.079], [0.00274208, 14.123], [0.00274214, 3.693], [0.0027425, 52.262], [0.00274281, 35.861], [0.00274309, 81.458], [0.00274326, 54.502], [0.00274346, 89.283]], 'timestamp': 1711986990308, 'datetime': '2024-04-01T15:56:30.308Z', 'nonce': None}, 'GMX/USDT': {'symbol': 'GMX/USDT', 'bids': [[39.827, 0.05], [14.661, 2.579], [14.66, 1.703], [0.517, 11.939], [0.004, 370.476], [0.003, 2057.613]], 'asks': [[42.413, 1.575], [42.535, 0.31], [42.543, 0.324], [42.556, 13.772], [42.574, 13.978], [42.578, 55.245], [42.599, 0.405], [42.604, 59.639], [42.606, 0.387], [42.607, 137.654]], 'timestamp': 1711986989802, 'datetime': '2024-04-01T15:56:29.802Z', 'nonce': None}, 'DOT/BTC': {'symbol': 'DOT/BTC', 'bids': [[0.00013169, 1.51], [0.00013168, 1.63], [0.00013163, 68.51], [0.00013162, 72.38], [0.00013159, 80.98], [0.00013156, 277.43], [0.00013154, 2.07], [0.00013151, 273.61], [0.00013148, 1.97], [0.00013145, 362.3]], 'asks': [[0.0001318, 166.78], [0.00013182, 86.42], [0.00013188, 69.46], [0.00013194, 1007.61], [0.00013196, 294.97], [0.000132, 729.5], [0.00013201, 1719.24], [0.00013202, 73.37], [0.00013206, 710.03], [0.0001321, 1.91]], 'timestamp': 1711986990235, 'datetime': '2024-04-01T15:56:30.235Z', 'nonce': None}, 'XRP/USDT': {'symbol': 'XRP/USDT', 'bids': [[0.600469, 303.6], [0.600439, 22.8], [0.600379, 78315.7], [0.600199, 281.2], [0.599857, 83.2], [0.599809, 5216.6], [0.599779, 30.1], [0.599709, 10512.5], [0.599666, 16244.4], [0.599595, 20487.1]], 'asks': [[0.600631, 23.2], [0.60066, 281.2], [0.600661, 22.1], [0.600721, 15321.2], [0.600816, 16283.4], [0.600821, 19993.7], [0.60091, 26980.5], [0.600921, 87000.2], [0.601012, 69500.6], [0.60102, 5689.7]], 'timestamp': 1711986990226, 'datetime': '2024-04-01T15:56:30.226Z', 'nonce': None}, 'SOL/USDT:USDT': {'symbol': 'SOL/USDT:USDT', 'bids': [[187.697, 20.0], [187.696, 2.0], [187.693, 1.0], [187.692, 13.0], [187.691, 20.0], [187.69, 1.0], [187.688, 16.0], [187.687, 10.0], [187.686, 10.0], [187.685, 20.0]], 'asks': [[187.699, 7100.0], [187.7, 2.0], [187.701, 2.0], [187.705, 22.0], [187.706, 8.0], [187.707, 8.0], [187.708, 34.0], [187.71, 4.0], [187.711, 15.0], [187.712, 16.0]], 'timestamp': 1711986990376, 'datetime': '2024-04-01T15:56:30.376Z', 'nonce': None}, 'SHIB/BTC': {'symbol': 'SHIB/BTC', 'bids': [[4.1e-10, 499328000.0], [4e-10, 4679552000.0], [3.9e-10, 8196076000.0], [3.8e-10, 132575000.0], [3.7e-10, 143136000.0], [3.6e-10, 139531000.0], [3.5e-10, 129441000.0], [3.4e-10, 327221000.0], [3.3e-10, 157614000.0], [3.2e-10, 357201000.0]], 'asks': [[4.2e-10, 9199348000.0], [4.3e-10, 10319851000.0], [4.4e-10, 851178000.0], [4.5e-10, 642713000.0], [4.6e-10, 300000.0], [4.7e-10, 3047000.0], [4.8e-10, 887000.0], [4.9e-10, 451000.0], [5e-10, 95716000.0], [5.1e-10, 9000000.0]], 'timestamp': 1711986990220, 'datetime': '2024-04-01T15:56:30.220Z', 'nonce': None}, 'FTT/USDT': {'symbol': 'FTT/USDT', 'bids': [[1.79662, 7.48], [1.79562, 333.38], [1.79395, 9.41], [1.60101, 147.11], [1.601, 9.92], [1.21777, 131.39], [1.2, 2500.0], [1.0, 5.0], [0.9, 1052.23], [0.87, 1.14]], 'asks': [[1.79918, 7.21], [1.80013, 328.65], [1.80178, 9.83], [1.80337, 1311.56], [1.80524, 3468.21], [1.80862, 4809.88], [1.81035, 6631.45], [1.81208, 8963.37], [1.83891, 11905.02], [1.86641, 16474.6]], 'timestamp': 1711986990164, 'datetime': '2024-04-01T15:56:30.164Z', 'nonce': None}, 'CRV/USDT': {'symbol': 'CRV/USDT', 'bids': [[0.643367, 22.2], [0.643271, 41.2], [0.641067, 5479.3], [0.641048, 27.4], [0.640771, 8646.7], [0.640522, 10171.1], [0.640132, 12945.0], [0.639813, 17316.0], [0.63965, 20269.5], [0.639415, 30490.1]], 'asks': [[0.643662, 41.2], [0.643665, 21.2], [0.643833, 22.0], [0.645283, 1010.6], [0.645379, 1109.3], [0.645547, 959.0], [0.645579, 11998.7], [0.645685, 3820.2], [0.645726, 3777.4], [0.645741, 10387.6]], 'timestamp': 1711986990207, 'datetime': '2024-04-01T15:56:30.207Z', 'nonce': None}, 'DOT/USDT': {'symbol': 'DOT/USDT', 'bids': [[9.01054, 1.61], [9.01009, 1.56], [9.00919, 72.82], [9.00867, 277.54], [9.00706, 71.81], [9.00561, 704.61], [9.0043, 1091.96], [9.0022, 1423.11], [9.00069, 1824.96], [9.00063, 1.91]], 'asks': [[9.01291, 1.54], [9.01381, 74.84], [9.01386, 148.25], [9.01426, 284.77], [9.01446, 1.54], [9.01534, 712.86], [9.01536, 68.68], [9.01731, 1118.96], [9.01746, 294.52], [9.01873, 84.89]], 'timestamp': 1711986990262, 'datetime': '2024-04-01T15:56:30.262Z', 'nonce': None}, 'WBTC/BTC': {'symbol': 'WBTC/BTC', 'bids': [[1.00076, 0.009919], [0.99979, 0.000266], [0.99502, 5.5e-05], [0.99501, 0.881298], [0.99466, 1.0], [0.9944, 1.408962], [0.99379, 2.0], [0.99101, 1.028038], [0.991, 0.955792], [0.99001, 1.2]], 'asks': [[1.00077, 0.000214], [1.00121, 0.000223], [1.00131, 0.01049], [1.00161, 0.040639], [1.00196, 0.09793], [1.00217, 0.154903], [1.00231, 0.000291], [1.00251, 0.198467], [1.00269, 0.010266], [1.00281, 0.521975]], 'timestamp': 1711986988974, 'datetime': '2024-04-01T15:56:28.974Z', 'nonce': None}, 'SNX/ETH': {'symbol': 'SNX/ETH', 'bids': [[0.0011678, 176.0], [0.0011677, 0.54], [0.0011567, 0.55], [0.0011431, 10.76], [0.001143, 174.67], [0.0011418, 2059.78], [0.0011405, 3232.39], [0.0011368, 8481.07], [0.0011343, 8601.61], [0.0011322, 9209.06]], 'asks': [[0.0012631, 173.63], [0.0012649, 2264.13], [0.0012667, 3417.95], [0.001268, 8985.33], [0.0012701, 10581.14], [0.0012725, 19933.5], [0.0012749, 9758.81], [0.0012989, 0.29], [0.0013113, 0.29], [0.0020911, 0.12]], 'timestamp': 1711986989550, 'datetime': '2024-04-01T15:56:29.550Z', 'nonce': None}, 'YFIUSDT_BQX': {'symbol': 'YFIUSDT_BQX', 'bids': [[8646.8, 0.003345], [8642.4, 0.074475], [8640.6, 0.075403], [8636.9, 0.289327], [8635.3, 0.001977], [8635.2, 0.002151], [2596.5, 0.01234]], 'asks': [[8662.4, 0.003295], [8666.8, 0.072998], [8668.6, 0.071471], [8671.7, 0.309187], [8673.9, 0.303709], [8674.7, 0.0042], [8677.5, 0.736178], [8681.6, 0.714807], [8685.0, 1.097342], [8686.2, 1.062073]], 'timestamp': 1711986990282, 'datetime': '2024-04-01T15:56:30.282Z', 'nonce': None}, 'ONE/USDT': {'symbol': 'ONE/USDT', 'bids': [[0.02897855, 450.0], [0.0289771, 460.0], [0.02896855, 450.0], [0.0289626, 21760.0], [0.02893891, 84280.0], [0.02893361, 580.0], [0.02889875, 206570.0], [0.02888876, 186460.0], [0.02886764, 332140.0], [0.02883227, 298500.0]], 'asks': [[0.0290029, 460.0], [0.0290174, 20930.0], [0.02902988, 88130.0], [0.0290464, 590.0], [0.02905776, 216140.0], [0.02907621, 199380.0], [0.02908616, 306820.0], [0.02910665, 287420.0], [0.02915306, 409460.0], [0.02915506, 419450.0]], 'timestamp': 1711986989339, 'datetime': '2024-04-01T15:56:29.339Z', 'nonce': None}, 'LINKUSD_BQX': {'symbol': 'LINKUSD_BQX', 'bids': [[5.3955, 4.0]], 'asks': [[30.5745, 4.0]], 'timestamp': 1711986989956, 'datetime': '2024-04-01T15:56:29.956Z', 'nonce': None}, 'APT/USDT': {'symbol': 'APT/USDT', 'bids': [[17.478, 0.84], [17.476, 37.84], [17.472, 162.64], [17.468, 40.26], [17.466, 387.25], [17.464, 155.51], [17.459, 1.03], [17.457, 401.79], [17.453, 1.06], [17.45, 580.58]], 'asks': [[17.484, 0.85], [17.485, 0.89], [17.489, 76.61], [17.494, 155.76], [17.496, 155.99], [17.501, 412.71], [17.503, 393.74], [17.504, 395.73], [17.507, 614.49], [17.508, 499.19]], 'timestamp': 1711986990301, 'datetime': '2024-04-01T15:56:30.301Z', 'nonce': None}, 'BCH/TUSD': {'symbol': 'BCH/TUSD', 'bids': [[1.0, 1.0], [0.1, 10.0], [0.011, 16.683], [0.01, 100.0]], 'asks': [[2499.999, 0.0119], [2500.0, 0.005], [258000.0, 0.002], [92680000.0, 0.001], [92680000000.0, 0.001]], 'timestamp': 1711984601078, 'datetime': '2024-04-01T15:16:41.078Z', 'nonce': None}, 'USDCBTC_BQX': {'symbol': 'USDCBTC_BQX', 'bids': [[4.386e-06, 117.01]], 'asks': [[2.4857e-05, 117.01]], 'timestamp': 1711986989602, 'datetime': '2024-04-01T15:56:29.602Z', 'nonce': None}, 'LTC/BTC': {'symbol': 'LTC/BTC', 'bids': [[0.0014369, 0.438], [0.0014368, 0.439], [0.0014367, 15.68], [0.0014366, 29.884], [0.0014365, 74.673], [0.0014362, 0.001], [0.0014358, 30.736], [0.0014356, 112.703], [0.0014354, 156.896], [0.0014353, 0.21]], 'asks': [[0.0014381, 0.168], [0.0014387, 7.811], [0.0014393, 7.659], [0.0014394, 29.493], [0.0014395, 30.139], [0.0014397, 0.212], [0.0014398, 0.218], [0.0014399, 75.042], [0.0014402, 15.266], [0.0014404, 74.778]], 'timestamp': 1711986990285, 'datetime': '2024-04-01T15:56:30.285Z', 'nonce': None}, 'ADA/ETH': {'symbol': 'ADA/ETH', 'bids': [[0.000176212, 2.0], [0.00017621, 1247.0], [0.000176167, 1.0], [0.000176041, 15122.0], [0.000175861, 2778.0], [0.00017586, 24597.0], [0.000175522, 133523.0], [0.000175292, 128107.0], [0.000175074, 135978.0], [0.000174418, 118384.0]], 'asks': [[0.000176727, 1143.0], [0.000176924, 14642.0], [0.000177096, 18608.0], [0.000177097, 21621.0], [0.00017737, 132133.0], [0.000177415, 122435.0], [0.000177692, 117799.0], [0.000177814, 421.0], [0.000177815, 134547.0], [0.000177967, 132479.0]], 'timestamp': 1711986990117, 'datetime': '2024-04-01T15:56:30.117Z', 'nonce': None}, 'USDT/USD': {'symbol': 'USDT/USD', 'bids': [[0.99975, 94277.06], [0.99972, 25078.51], [0.99965, 30785.14], [0.99932, 12914.0], [0.99927, 13259.0], [0.99922, 12514.0], [0.99917, 13543.0], [0.99912, 12285.0], [0.99907, 12503.0], [0.99902, 10266.0]], 'asks': [[1.00016, 1165.78], [1.00018, 95628.71], [1.00021, 25074.77], [1.00028, 31949.24], [1.00041, 2105.53], [1.00049, 36525.82], [1.00059, 56479.92], [1.00064, 10790.0], [1.00067, 51364.21], [1.00069, 12106.0]], 'timestamp': 1711986987630, 'datetime': '2024-04-01T15:56:27.630Z', 'nonce': None}, 'USDT/DAI': {'symbol': 'USDT/DAI', 'bids': [[1.0098, 10.58], [1.00955, 29.95], [1.00954, 96.69], [1.00797, 7.04], [1.00489, 1.01], [1.0, 7229.87], [0.9998, 14.58], [0.99979, 669.95], [0.99974, 2578.46], [0.99969, 6982.79]], 'asks': [[1.01451, 83.27], [1.01452, 492.29], [1.02, 49824.86], [1.03, 50000.0], [1.04, 50000.0], [1.0447, 0.23], [1.04608, 0.13], [1.04943, 3.0], [1.05, 50000.0], [1.05609, 0.13]], 'timestamp': 1711986990108, 'datetime': '2024-04-01T15:56:30.108Z', 'nonce': None}, 'XRP/BTC': {'symbol': 'XRP/BTC', 'bids': [[8.77e-06, 83.2], [8.769e-06, 47.4], [8.768e-06, 6083.9], [8.767e-06, 24986.7], [8.766e-06, 63785.3], [8.764e-06, 15188.6], [8.761e-06, 5601.1], [8.76e-06, 20537.5], [8.759e-06, 59.6], [8.756e-06, 28390.3]], 'asks': [[8.781e-06, 48.0], [8.782e-06, 6473.2], [8.783e-06, 4090.8], [8.785e-06, 10016.8], [8.79e-06, 10094.5], [8.791e-06, 58.0], [8.794e-06, 65096.9], [8.795e-06, 51422.1], [8.796e-06, 48514.3], [8.798e-06, 28539.2]], 'timestamp': 1711986990009, 'datetime': '2024-04-01T15:56:30.009Z', 'nonce': None}, 'ZRXBTC_BQX': {'symbol': 'ZRXBTC_BQX', 'bids': [[1.0026e-05, 32.4], [1.0021e-05, 768.1], [1.0011e-05, 40.8], [3.036e-06, 331.5]], 'asks': [[1.0137e-05, 33.1], [1.0142e-05, 1495.9], [1.0145e-05, 2879.2], [1.0146e-05, 3077.1], [1.0151e-05, 40.5], [1.0152e-05, 7672.5], [1.0169e-05, 7403.1], [1.0184e-05, 11456.3], [1.0255e-05, 11663.7], [1.7204e-05, 403.8]], 'timestamp': 1711986989527, 'datetime': '2024-04-01T15:56:29.527Z', 'nonce': None}, 'ZECUSDT_BQX': {'symbol': 'ZECUSDT_BQX', 'bids': [[8.5005, 1.355]], 'asks': [], 'timestamp': 1711986989023, 'datetime': '2024-04-01T15:56:29.023Z', 'nonce': None}, 'ATOM/BTC': {'symbol': 'ATOM/BTC', 'bids': [[0.00016818, 1.2], [0.00016807, 59.04], [0.00016801, 236.3], [0.00016799, 1.53], [0.00016794, 590.55], [0.00016778, 839.69], [0.00016766, 1125.82], [0.00016762, 64.22], [0.0001673, 713.45], [0.0001672, 1.54]], 'asks': [[0.00016832, 1.22], [0.00016834, 57.36], [0.00016835, 235.62], [0.00016843, 569.2], [0.00016848, 815.63], [0.00016851, 1.64], [0.00016858, 1061.75], [0.00016866, 53.63], [0.00016874, 1543.79], [0.00016903, 53.43]], 'timestamp': 1711986990043, 'datetime': '2024-04-01T15:56:30.043Z', 'nonce': None}, 'CHZ/BTC': {'symbol': 'CHZ/BTC', 'bids': [[2.0038e-06, 110.0], [2.0026e-06, 5623.0], [2.0016e-06, 137.0], [1.9997e-06, 109.0], [1.9995e-06, 4810.0], [1.9994e-06, 18243.0], [1.9993e-06, 47596.0], [1.9992e-06, 68720.0], [1.9991e-06, 91419.0], [1.9975e-06, 128.0]], 'asks': [[2.0077e-06, 5639.0], [2.0091e-06, 68723.0], [2.0101e-06, 99484.0], [2.0103e-06, 103.0], [2.0105e-06, 4686.0], [2.0106e-06, 18150.0], [2.0107e-06, 45958.0], [2.0108e-06, 69380.0], [2.0115e-06, 243917.0], [2.0125e-06, 243492.0]], 'timestamp': 1711986990285, 'datetime': '2024-04-01T15:56:30.285Z', 'nonce': None}, 'UNIBTC_BQX': {'symbol': 'UNIBTC_BQX', 'bids': [[0.0001799, 2.38], [0.00017981, 56.35], [0.0001798, 53.57], [0.00017975, 230.35], [0.00017971, 214.21], [0.00017965, 3.11], [0.00017964, 533.05], [0.0001795, 530.6], [0.00017937, 855.92], [0.00017912, 864.33]], 'asks': [[0.0001804, 2.47], [0.00018049, 58.07], [0.00018051, 57.24], [0.00018058, 217.34], [0.00018065, 3.07], [0.00018071, 222.87], [0.00018082, 569.04], [0.00018111, 539.78], [0.00018126, 832.36], [0.00018152, 864.72]], 'timestamp': 1711986989730, 'datetime': '2024-04-01T15:56:29.730Z', 'nonce': None}, 'TRX/EOS': {'symbol': 'TRX/EOS', 'bids': [[0.11042839, 5.0], [0.10938167, 5.0], [0.06434215, 8.0], [0.03989292, 1.0], [0.03489292, 1.0], [0.03339268, 5.0], [0.02886446, 2.0], [0.02884612, 3.0], [0.02873311, 1.0], [0.02859481, 1.0]], 'asks': [[0.12334292, 2.0], [0.12452323, 2.0], [0.14933744, 4.0], [0.17646442, 2.0], [0.17914935, 4.0], [0.18784149, 1.0], [0.19313174, 2.0], [0.19617483, 1.0], [0.19999999, 10.0], [0.20313174, 2.0]], 'timestamp': 1711985790761, 'datetime': '2024-04-01T15:36:30.761Z', 'nonce': None}, 'GALA/BTC': {'symbol': 'GALA/BTC', 'bids': [[9.089e-07, 146228.0], [9.081e-07, 241389.7], [9.052e-07, 1075740.7], [9.047e-07, 1122044.3], [9.043e-07, 989504.3], [9.04e-07, 1007298.2], [9.035e-07, 994019.2], [9.026e-07, 1136656.3], [8.97e-07, 1244.0], [8.908e-07, 1484.4]], 'asks': [[9.106e-07, 11810.3], [9.109e-07, 137497.2], [9.114e-07, 215382.1], [9.121e-07, 992894.1], [9.124e-07, 925824.4], [9.13e-07, 911406.1], [9.134e-07, 922432.7], [9.138e-07, 900720.5], [9.142e-07, 959101.2], [9.641e-07, 373.8]], 'timestamp': 1711986990261, 'datetime': '2024-04-01T15:56:30.261Z', 'nonce': None}, 'FTT/BTC': {'symbol': 'FTT/BTC', 'bids': [[2.613e-05, 0.18], [2.612e-05, 19.92], [2.611e-05, 16.89], [2.594e-05, 15.84], [2.5e-05, 2.31], [2.355e-05, 1.0], [1.2e-05, 0.18], [3.62e-06, 276.24], [3.4e-06, 120.0], [1.2e-06, 1.69]], 'asks': [[2.702e-05, 21.68], [4.226e-05, 1.69], [4.398e-05, 96.82], [4.399e-05, 23.66], [4.4e-05, 0.01], [4.44e-05, 0.01], [4.442e-05, 0.01], [4.5e-05, 0.01], [4.6e-05, 0.01], [4.7e-05, 0.01]], 'timestamp': 1711986988003, 'datetime': '2024-04-01T15:56:28.003Z', 'nonce': None}, 'ETH/USDC': {'symbol': 'ETH/USDC', 'bids': [[3456.03718, 0.0042], [3455.85436, 0.0039], [3455.232221, 0.2001], [3454.732804, 2.7499], [3454.400561, 3.9763], [3454.30898, 0.1935], [3454.125213, 4.1573], [3453.956556, 0.1772], [3453.839627, 4.2226], [3453.551404, 4.5328]], 'asks': [[3456.57282, 0.0043], [3456.745641, 0.0039], [3457.478278, 0.2117], [3457.799592, 2.5943], [3457.977844, 3.7056], [3458.234804, 4.0853], [3458.363928, 4.1443], [3458.473841, 0.1807], [3458.728466, 3.8061], [3458.766792, 4.577]], 'timestamp': 1711986990304, 'datetime': '2024-04-01T15:56:30.304Z', 'nonce': None}, 'ADA/USDT': {'symbol': 'ADA/USDT', 'bids': [[0.6098694, 23.0], [0.6096999, 412.0], [0.609678, 15.0], [0.609617, 942.0], [0.6095865, 3454.0], [0.609556, 8572.0], [0.6095255, 13168.0], [0.6095254, 1048.0], [0.609495, 17361.0], [0.6094949, 3985.0]], 'asks': [[0.610022, 15.0], [0.6100306, 23.0], [0.610083, 990.0], [0.6101135, 3351.0], [0.610244, 9117.0], [0.6102745, 13890.0], [0.6102746, 1085.0], [0.6103422, 17810.0], [0.6103765, 4193.0], [0.6104, 22746.0]], 'timestamp': 1711986990282, 'datetime': '2024-04-01T15:56:30.282Z', 'nonce': None}, 'DOGE/BTC': {'symbol': 'DOGE/BTC', 'bids': [[2.48778e-06, 500.0], [2.43144e-06, 1190.0], [2.41694e-06, 2580.0], [2.40988e-06, 4450.0], [2.40583e-06, 3830.0], [2.40565e-06, 4470.0], [2.4026e-06, 3800.0], [2.39966e-06, 3760.0], [2.39543e-06, 4310.0], [2.36114e-06, 4390.0]], 'asks': [[2.92201e-06, 2710.0], [2.92289e-06, 9910.0], [2.92474e-06, 530.0], [2.92493e-06, 1340.0], [2.9258e-06, 1110.0], [2.92728e-06, 26630.0], [2.92831e-06, 2540.0], [2.9304e-06, 10020.0], [2.93271e-06, 10520.0], [2.93462e-06, 39600.0]], 'timestamp': 1711986988788, 'datetime': '2024-04-01T15:56:28.788Z', 'nonce': None}, 'XRP/EURS': {'symbol': 'XRP/EURS', 'bids': [[0.55, 16.3], [0.509667, 0.1], [0.505264, 1.6], [0.505263, 1.1], [0.50526, 0.1], [0.483087, 0.1], [0.48, 8.1], [0.475974, 2.5], [0.469334, 0.1], [0.468212, 0.1]], 'asks': [[0.678754, 0.7], [0.678755, 0.2], [0.6804, 0.1], [0.680457, 0.1], [0.6805, 0.1], [0.681693, 0.1], [0.682, 0.1], [0.682136, 0.2], [0.6828, 0.3], [0.684, 0.3]], 'timestamp': 1711979209016, 'datetime': '2024-04-01T13:46:49.016Z', 'nonce': None}, 'XEC/USDT': {'symbol': 'XEC/USDT', 'bids': [[6.55e-05, 287000.0], [6.548e-05, 12195000.0], [6.543e-05, 364000.0], [6.542e-05, 51151000.0], [6.537e-05, 130649000.0], [6.532e-05, 199822000.0], [6.528e-05, 241001000.0], [6.522e-05, 327747000.0], [6.512e-05, 354000.0], [6.509e-05, 1493000.0]], 'asks': [[6.553e-05, 286000.0], [6.554e-05, 13376000.0], [6.557e-05, 51111000.0], [6.56e-05, 370000.0], [6.564e-05, 132441000.0], [6.568e-05, 193223000.0], [6.575e-05, 15412000.0], [6.576e-05, 254691000.0], [6.581e-05, 318282000.0], [6.595e-05, 453995000.0]], 'timestamp': 1711986990309, 'datetime': '2024-04-01T15:56:30.309Z', 'nonce': None}, 'EURS/DAI': {'symbol': 'EURS/DAI', 'bids': [[1.065, 50.0], [1.06001, 0.14], [1.02275, 0.07], [1.00088, 0.02], [0.99999, 0.01], [0.95004, 0.37], [0.95002, 60.27], [0.95001, 16.19], [0.94259, 0.05], [0.88, 2.84]], 'asks': [[1.1, 45.74], [1.105, 100.0], [1.109, 99.39], [1.11, 100.0], [1.11824, 0.12], [1.11825, 10000.0], [1.11826, 0.01], [1.12589, 0.02], [1.12828, 0.02], [1.12929, 0.01]], 'timestamp': 1711984321338, 'datetime': '2024-04-01T15:12:01.338Z', 'nonce': None}, 'TUSDUSDT_BQX': {'symbol': 'TUSDUSDT_BQX', 'bids': [[0.29977, 103.62]], 'asks': [[1.69873, 136.94]], 'timestamp': 1711986989732, 'datetime': '2024-04-01T15:56:29.732Z', 'nonce': None}, 'ETH/USDP': {'symbol': 'ETH/USDP', 'bids': [[3451.351, 0.2256], [3446.387, 2.9111], [3441.126, 4.4927], [3437.634, 2.3402], [3434.086, 2.1906], [3429.333, 2.2673], [3426.208, 2.0856], [3423.72, 0.0372], [3423.719, 2.3987], [3418.411, 2.3865]], 'asks': [[3461.303, 0.2233], [3465.802, 2.5448], [3468.608, 4.2667], [3477.474, 17.1996], [3481.455, 16.558], [3693.393, 0.0007], [3728.737, 0.0007], [4776.898, 0.0005], [4776.9, 0.0001], [4905.109, 0.0001]], 'timestamp': 1711986990308, 'datetime': '2024-04-01T15:56:30.308Z', 'nonce': None}, 'YFI/USDT': {'symbol': 'YFI/USDT', 'bids': [[8651.1, 0.001659], [8649.8, 0.075278], [8646.5, 0.301495], [8641.6, 0.002048], [8522.7, 0.039575], [8522.6, 0.003759], [8253.3, 1.6e-05], [8175.1, 1.6e-05], [8033.7, 0.02355], [7800.0, 3.773702]], 'asks': [[8658.9, 0.001699], [8659.8, 0.07605], [8661.9, 0.285661], [8665.1, 0.700863], [8668.4, 0.358481], [8669.6, 0.3261], [8669.7, 1.121839], [8671.5, 0.5776], [8675.8, 0.555], [8677.1, 0.6815]], 'timestamp': 1711986990176, 'datetime': '2024-04-01T15:56:30.176Z', 'nonce': None}, 'UNI/USDT:USDT': {'symbol': 'UNI/USDT:USDT', 'bids': [[12.3035, 5625.3], [12.3031, 1624.2], [12.3025, 58.9], [12.3014, 2087.8], [12.3, 385.6], [12.2979, 167.8], [12.2965, 109.9], [12.2964, 2703.8], [12.2962, 295.9], [12.2945, 464.6]], 'asks': [[12.3243, 55.0], [12.3265, 58.8], [12.3267, 387.2], [12.3279, 119.0], [12.3289, 114.6], [12.3292, 292.3], [12.3307, 411.9], [12.3322, 56.0], [12.3326, 686.5], [12.333, 519.1]], 'timestamp': 1711986990346, 'datetime': '2024-04-01T15:56:30.346Z', 'nonce': None}, 'WBTC/ETH': {'symbol': 'WBTC/ETH', 'bids': [[19.7454, 0.01081], [19.6554, 0.13339], [19.6342, 0.18641], [19.6057, 1.86172], [19.5669, 1.89043], [19.5464, 1.81232], [19.5033, 2.0498], [19.4359, 1.90314], [19.4018, 2.06369], [19.3899, 1.86649]], 'asks': [[19.8393, 0.01087], [19.8488, 0.00416], [19.8614, 0.12331], [19.8812, 0.20838], [19.9384, 3.63826], [19.9816, 3.429], [20.0084, 3.45438], [20.0188, 3.93166], [20.0559, 3.61232], [20.0628, 3.81647]], 'timestamp': 1711986990227, 'datetime': '2024-04-01T15:56:30.227Z', 'nonce': None}, 'ETH/USDT': {'symbol': 'ETH/USDT', 'bids': [[3456.089, 0.4875], [3455.917, 0.2526], [3455.916, 0.4875], [3455.907, 0.004], [3455.844, 0.0049], [3455.771, 0.9663], [3455.766, 1.8316], [3455.618, 10.2915], [3455.438, 6.6178], [3455.331, 2.7579]], 'asks': [[3456.263, 0.0042], [3456.546, 0.0044], [3456.819, 0.1824], [3456.934, 0.7546], [3456.995, 0.1943], [3457.012, 0.486], [3457.04, 0.9517], [3457.091, 4.4347], [3457.105, 4.4185], [3457.119, 1.9543]], 'timestamp': 1711986990299, 'datetime': '2024-04-01T15:56:30.299Z', 'nonce': None}, 'USDPBTC_BQX': {'symbol': 'USDPBTC_BQX', 'bids': [], 'asks': [], 'timestamp': 1711851985402, 'datetime': '2024-03-31T02:26:25.402Z', 'nonce': None}, 'NEXO/ETH': {'symbol': 'NEXO/ETH', 'bids': [[0.000179501, 3.0], [0.0001795, 44.0], [0.000168801, 69.0], [0.0001688, 100.0], [0.000165, 100.0], [0.0001613, 100.0], [0.0001575, 100.0], [0.000155002, 30.0], [0.0001538, 100.0], [0.00015, 100.0]], 'asks': [[0.000430931, 259.0], [0.000430932, 137.0], [0.000571079, 32.0], [0.000589725, 20.0], [0.000718911, 24.0], [0.000866106, 20.0], [0.001148977, 35.0], [0.001212121, 1.0], [0.00158451, 36.0], [0.006607839, 128.0]], 'timestamp': 1711986986527, 'datetime': '2024-04-01T15:56:26.527Z', 'nonce': None}, 'FIL/USDT:USDT': {'symbol': 'FIL/USDT:USDT', 'bids': [[9.1403, 472.79], [9.1401, 61.62], [9.1396, 61.9], [9.1391, 143.37], [9.1387, 388.74], [9.1386, 195.71], [9.1384, 7223.53], [9.1382, 1476.33], [9.138, 472.22], [9.1379, 1830.07]], 'asks': [[9.1508, 63.94], [9.1515, 126.93], [9.1521, 196.49], [9.1524, 424.09], [9.1528, 373.27], [9.1535, 554.93], [9.1536, 329.85], [9.1548, 654.74], [9.155, 491.52], [9.1554, 63.89]], 'timestamp': 1711986990040, 'datetime': '2024-04-01T15:56:30.040Z', 'nonce': None}, 'XEM/BTC': {'symbol': 'XEM/BTC', 'bids': [[6.7e-07, 310.0], [6.69e-07, 2119.0], [6.6e-07, 65.0], [6.4e-07, 50.0], [6.3e-07, 50.0], [6.25e-07, 160.0], [6.2e-07, 50.0], [6.19e-07, 161.0], [6.1e-07, 50.0], [6.01e-07, 13737.0]], 'asks': [[6.88e-07, 1062.0], [7.13e-07, 8.0], [7.19e-07, 8.0], [7.4e-07, 709.0], [7.98e-07, 5.0], [8.23e-07, 5.0], [8.74e-07, 3810.0], [8.75e-07, 50.0], [8.78e-07, 65.0], [8.89e-07, 6.0]], 'timestamp': 1711986988509, 'datetime': '2024-04-01T15:56:28.509Z', 'nonce': None}, 'ETH/DAI': {'symbol': 'ETH/DAI', 'bids': [[3480.001, 0.0002], [3480.0, 0.2], [3455.661, 0.2002], [3453.155, 0.0042], [3451.096, 2.7345], [3449.664, 0.004], [3448.091, 4.0415], [3447.935, 0.182], [3446.886, 0.7577], [3445.848, 1.8305]], 'asks': [[3516.322, 0.1854], [3529.203, 2.4045], [3530.644, 4.1819], [3551.808, 0.0049], [3551.809, 11.1734], [3574.102, 11.5744], [3594.462, 11.2021], [3619.486, 10.709], [3647.865, 9.7003], [3671.745, 11.2963]], 'timestamp': 1711986990306, 'datetime': '2024-04-01T15:56:30.306Z', 'nonce': None}, 'BNB/USDT:USDT': {'symbol': 'BNB/USDT:USDT', 'bids': [[573.92, 31.61], [573.91, 0.71], [573.9, 0.36], [573.89, 2.94], [573.88, 8.53], [573.87, 2.9], [573.86, 5.56], [573.85, 1.05], [573.84, 7.51], [573.83, 4.41]], 'asks': [[573.95, 3.16], [573.96, 10.7], [573.97, 6.44], [573.98, 12.8], [573.99, 30.63], [574.0, 38.91], [574.01, 151.97], [574.02, 0.52], [574.03, 4.77], [574.04, 2.07]], 'timestamp': 1711986990332, 'datetime': '2024-04-01T15:56:30.332Z', 'nonce': None}, 'XTZ/ETH': {'symbol': 'XTZ/ETH', 'bids': [[0.0003803, 516.3], [0.00037996, 6792.2], [0.00037964, 10307.9], [0.00037914, 12204.6], [0.00037867, 12232.8], [0.00037802, 13693.2], [0.00037718, 16545.2], [0.00037693, 8190.0], [0.00037592, 8904.5], [0.00037544, 8604.2]], 'asks': [[0.00038244, 491.5], [0.00038313, 6469.3], [0.00038332, 9831.1], [0.00038354, 12835.4], [0.00038376, 14508.7], [0.00038394, 14996.1], [0.00038414, 14849.6], [0.00038436, 9031.3], [0.00038449, 9043.5], [0.00038461, 9187.5]], 'timestamp': 1711986989640, 'datetime': '2024-04-01T15:56:29.640Z', 'nonce': None}, 'KNC/USDT:USDT': {'symbol': 'KNC/USDT:USDT', 'bids': [[0.8148, 20074.22], [0.8147, 435.54], [0.8146, 6750.0], [0.8144, 3904.41], [0.8143, 928.14], [0.8142, 1042.86], [0.8141, 8290.77], [0.814, 2658.13], [0.8138, 2371.71], [0.8137, 3746.35]], 'asks': [[0.8168, 958.8], [0.8169, 5363.3], [0.8171, 2650.57], [0.8172, 2343.44], [0.8174, 3296.21], [0.8176, 5066.88], [0.8177, 4454.58], [0.8178, 5701.05], [0.8179, 1868.79], [0.8181, 2782.44]], 'timestamp': 1711986990375, 'datetime': '2024-04-01T15:56:30.375Z', 'nonce': None}, 'MKRUSDT_BQX': {'symbol': 'MKRUSDT_BQX', 'bids': [[3677.032, 0.0048], [3677.031, 0.0049], [3674.326, 0.2149], [3674.197, 0.2244], [3671.949, 0.8837], [3671.781, 0.0061], [3671.778, 0.0062], [3671.0, 0.8511], [3669.607, 2.256], [3668.916, 2.1086]], 'asks': [[3680.36, 0.0047], [3680.372, 0.0048], [3682.696, 0.2113], [3682.795, 0.2286], [3684.032, 0.867], [3684.544, 0.864], [3685.896, 2.0922], [3686.093, 0.006], [3686.104, 0.0063], [3687.226, 2.2]], 'timestamp': 1711986990307, 'datetime': '2024-04-01T15:56:30.307Z', 'nonce': None}, 'ENJ/ETH': {'symbol': 'ENJ/ETH', 'bids': [[0.00013312, 444.9], [0.00013309, 1651.5], [0.00013202, 18292.0], [0.00013177, 32146.7], [0.00013151, 34521.5], [0.00013122, 32810.0], [0.0001312, 32167.4], [0.00013095, 36694.1], [0.00013065, 34671.2], [0.0001295, 0.7]], 'asks': [[0.00017427, 415.3], [0.00017428, 15.6], [0.00017471, 8.6], [0.000175, 0.1], [0.00018, 0.1], [0.000185, 0.1], [0.000189, 0.1], [0.0001899, 0.1], [0.00018998, 0.1], [0.00018999, 0.5]], 'timestamp': 1711986990247, 'datetime': '2024-04-01T15:56:30.247Z', 'nonce': None}, 'MKRBTC_BQX': {'symbol': 'MKRBTC_BQX', 'bids': [[0.05369, 0.0097], [0.05365, 0.2095], [0.05361, 0.239], [0.05357, 0.8887], [0.05353, 0.882], [0.05349, 2.1667], [0.05347, 2.1486], [0.05343, 3.3675], [0.05341, 3.446], [0.05338, 4.3519]], 'asks': [[0.05391, 0.0093], [0.05395, 0.2172], [0.05398, 0.2117], [0.05399, 0.0122], [0.05401, 1.8037], [0.05405, 2.1087], [0.05408, 2.2302], [0.0541, 3.3483], [0.05417, 3.2727], [0.0542, 8.872]], 'timestamp': 1711986990297, 'datetime': '2024-04-01T15:56:30.297Z', 'nonce': None}, 'DAI/USDC': {'symbol': 'DAI/USDC', 'bids': [[0.99010009, 89.9], [0.99010008, 46153.7], [0.9901, 39173.0], [0.98704598, 0.1], [0.98128366, 0.1], [0.9801, 102030.4], [0.98, 406972.8], [0.97780801, 0.1], [0.97274097, 0.1], [0.97, 515463.9]], 'asks': [[1.00159998, 1.0], [1.00159999, 8.3], [1.0016, 8534.8], [1.00179536, 98866.3], [1.00876543, 5.0], [1.00889, 0.1], [1.009, 100000.0], [1.0099, 100000.0], [1.01897643, 13.0], [1.019, 63640.0]], 'timestamp': 1711981804913, 'datetime': '2024-04-01T14:30:04.913Z', 'nonce': None}, 'FXS/USDT': {'symbol': 'FXS/USDT', 'bids': [[7.0772, 2.08], [7.0729, 1.93], [7.0695, 2.64], [7.0658, 2.47], [6.5607, 7.89], [6.5606, 3.82], [5.6173, 358.59], [5.6148, 890.5], [5.6136, 129.78], [5.6053, 1331.95]], 'asks': [[7.0818, 1.98], [7.0831, 90.97], [7.0856, 373.29], [7.0895, 2.42], [7.0908, 885.38], [7.0925, 50.65], [7.0934, 359.87], [7.0952, 1319.35], [7.0986, 1266.89], [7.0991, 1842.73]], 'timestamp': 1711986990244, 'datetime': '2024-04-01T15:56:30.244Z', 'nonce': None}, 'WBTC/USDT': {'symbol': 'WBTC/USDT', 'bids': [[68377.1, 0.00022], [68303.2, 0.00027], [65789.9, 2e-06], [65166.4, 2e-06], [63404.6, 0.001578], [63404.5, 0.098176], [63019.7, 0.160113], [62946.9, 0.108212], [62650.1, 0.292999], [62610.4, 0.032189]], 'asks': [[68463.7, 0.000219], [68465.7, 0.009946], [68520.7, 0.038659], [68532.6, 0.000284], [68664.1, 0.104273], [68699.9, 0.154167], [68817.6, 0.19065], [69160.0, 0.253398], [69332.4, 0.344959], [69952.3, 0.478524]], 'timestamp': 1711986990230, 'datetime': '2024-04-01T15:56:30.230Z', 'nonce': None}, 'MATIC/BTC': {'symbol': 'MATIC/BTC', 'bids': [[1.36993e-05, 14.0], [1.36986e-05, 14.0], [1.36979e-05, 657.0], [1.369e-05, 26.0], [1.36866e-05, 2561.0], [1.36842e-05, 17.0], [1.36835e-05, 17.0], [1.36765e-05, 6434.0], [1.36689e-05, 9330.0], [1.36609e-05, 13310.0]], 'asks': [[1.371e-05, 26.0], [1.37114e-05, 15.0], [1.37128e-05, 630.0], [1.3715e-05, 14.0], [1.37178e-05, 2530.0], [1.37227e-05, 675.0], [1.37242e-05, 6663.0], [1.37248e-05, 10190.0], [1.37255e-05, 13513.0], [1.37265e-05, 18.0]], 'timestamp': 1711986990293, 'datetime': '2024-04-01T15:56:30.293Z', 'nonce': None}, 'AAVE/BTC': {'symbol': 'AAVE/BTC', 'bids': [[0.0018326, 0.104], [0.0018317, 0.016], [0.0018296, 4.208], [0.0018283, 16.23], [0.0018278, 0.566], [0.0018267, 41.786], [0.0018251, 5.191], [0.001825, 20.683], [0.0018247, 63.75], [0.0018234, 4.917]], 'asks': [[0.0018354, 0.085], [0.0018384, 4.143], [0.0018387, 15.923], [0.00184, 5.768], [0.0018402, 0.567], [0.0018407, 39.994], [0.0018425, 64.525], [0.0018435, 64.471], [0.0018439, 5.616], [0.001845, 80.647]], 'timestamp': 1711986990086, 'datetime': '2024-04-01T15:56:30.086Z', 'nonce': None}, 'BTCUSDT_BQX': {'symbol': 'BTCUSDT_BQX', 'bids': [[68370.7, 0.00043], [68336.5, 0.01998], [68315.98, 0.04106], [68315.68, 0.03872], [68295.16, 0.09757], [68281.74, 0.0965], [68268.1, 0.00055], [68254.22, 0.15413], [68248.65, 0.1449], [68228.12, 0.39902]], 'asks': [[68417.83, 0.00021], [68417.84, 0.00022], [68476.41, 0.01032], [68478.81, 0.00971], [68502.32, 0.08065], [68515.83, 0.09691], [68516.86, 0.09605], [68520.45, 0.00055], [68537.62, 0.14644], [68542.72, 0.14289]], 'timestamp': 1711986990092, 'datetime': '2024-04-01T15:56:30.092Z', 'nonce': None}, 'HBARUSDT_BQX': {'symbol': 'HBARUSDT_BQX', 'bids': [[0.107559, 267.0], [0.10738, 6210.0], [0.107284, 338.0], [0.107232, 5902.0], [0.107095, 23363.0], [0.10707, 24557.0], [0.107009, 60193.0], [0.106961, 62761.0], [0.106918, 92702.0], [0.106825, 92803.0]], 'asks': [[0.107674, 271.0], [0.107909, 5894.0], [0.107911, 6046.0], [0.10794, 23561.0], [0.107943, 343.0], [0.107953, 24776.0], [0.107967, 59931.0], [0.10798, 57923.0], [0.108048, 94621.0], [0.108061, 89962.0]], 'timestamp': 1711986990302, 'datetime': '2024-04-01T15:56:30.302Z', 'nonce': None}, 'EUROC/USDT': {'symbol': 'EUROC/USDT', 'bids': [[0.2501, 6.66], [0.25, 5.24], [0.175, 0.1], [0.1403, 8.13], [0.1212, 0.82], [0.1211, 8.25], [0.121, 0.08], [0.0281, 17.79], [0.0012, 5144.03], [0.0004, 1.45]], 'asks': [[1.59, 0.01], [1.5999, 0.01], [1.6, 0.05], [1.6001, 0.01], [1.6002, 2.73], [2.9999, 1.66], [3.9999, 0.3], [5.0, 0.01], [5.1, 0.01], [5.2, 0.01]], 'timestamp': 1711979204443, 'datetime': '2024-04-01T13:46:44.443Z', 'nonce': None}, 'NEO/USDT': {'symbol': 'NEO/USDT', 'bids': [[15.31023, 0.95], [15.29846, 0.95], [15.29693, 45.98], [15.28816, 1.26], [15.26517, 42.78], [15.26027, 178.09], [15.25374, 436.06], [15.25043, 1.18], [15.24647, 43.3], [15.24057, 666.21]], 'asks': [[15.31772, 1.8], [15.31777, 1.0], [15.31897, 1.8], [15.32154, 1.01], [15.32307, 45.95], [15.32383, 173.63], [15.32624, 437.94], [15.32924, 223.34], [15.33839, 1.28], [15.33898, 356.47]], 'timestamp': 1711986990146, 'datetime': '2024-04-01T15:56:30.146Z', 'nonce': None}, 'SAND/USDT': {'symbol': 'SAND/USDT', 'bids': [[0.647367, 21.9], [0.647235, 21.0], [0.647202, 1045.2], [0.64717, 933.1], [0.647099, 73.1], [0.647049, 3838.1], [0.646918, 9533.3], [0.646666, 14966.8], [0.646655, 28.8], [0.646523, 26.4]], 'asks': [[0.647464, 73.1], [0.647465, 21.0], [0.64753, 982.2], [0.647533, 73.1], [0.647633, 22.3], [0.647652, 3923.7], [0.647717, 988.7], [0.647837, 9798.8], [0.647876, 4131.3], [0.648067, 15255.1]], 'timestamp': 1711986990201, 'datetime': '2024-04-01T15:56:30.201Z', 'nonce': None}, 'MANA/ETH': {'symbol': 'MANA/ETH', 'bids': [[0.000178151, 22.0], [0.000178142, 23.0], [0.000177912, 57.0], [0.00017391, 880.0], [0.000173909, 25.0], [0.00016731, 4.0], [0.000165724, 4.0], [0.000123909, 25.0], [0.000105601, 50.0], [0.00010362, 1.0]], 'asks': [[0.000179618, 24.0], [0.000179708, 1099.0], [0.000179888, 30.0], [0.000180072, 4262.0], [0.000181457, 10306.0], [0.000182634, 1057.0], [0.00018347, 15136.0], [0.000207395, 1.0], [0.000265, 11.0], [0.00028, 103.0]], 'timestamp': 1711986988822, 'datetime': '2024-04-01T15:56:28.822Z', 'nonce': None}, 'DYDX/BTC': {'symbol': 'DYDX/BTC', 'bids': [[4.668e-05, 3109.259], [4.665e-05, 5062.237], [4.662e-05, 5.425], [4.652e-05, 25721.379], [4.645e-05, 26052.038], [4.635e-05, 28232.335], [4.626e-05, 25659.346], [4.587e-05, 27572.755], [4.552e-05, 28232.471], [4.55e-05, 0.001]], 'asks': [[4.69e-05, 4.248], [4.701e-05, 209.931], [4.703e-05, 3000.657], [4.704e-05, 186.567], [4.705e-05, 4566.805], [4.707e-05, 787.872], [4.708e-05, 22907.413], [4.71e-05, 22181.412], [4.712e-05, 26150.863], [4.714e-05, 23874.305]], 'timestamp': 1711986989224, 'datetime': '2024-04-01T15:56:29.224Z', 'nonce': None}, 'ZRXUSDT_BQX': {'symbol': 'ZRXUSDT_BQX', 'bids': [[0.691618, 16.2], [0.691611, 16.5], [0.691073, 736.5], [0.690917, 741.7], [0.690536, 20.0], [0.690535, 20.8], [0.20757, 110.9], [0.207555, 64.8]], 'asks': [[0.692421, 17.2], [0.692424, 16.1], [0.692962, 743.3], [0.693096, 746.9], [0.693385, 2999.9], [0.693477, 2869.7], [0.693599, 20.1], [0.693602, 21.2], [0.693773, 7300.4], [0.693838, 7346.0]], 'timestamp': 1711986990292, 'datetime': '2024-04-01T15:56:30.292Z', 'nonce': None}, 'LINK/USDT': {'symbol': 'LINK/USDT', 'bids': [[17.9654, 0.49], [17.96519, 4.31], [17.9651, 0.77], [17.9636, 26.97], [17.96271, 91.44], [17.96017, 249.34], [17.95735, 375.78], [17.95558, 4.31], [17.95459, 483.09], [17.95321, 615.5]], 'asks': [[17.9719, 0.79], [17.9736, 0.53], [17.9754, 27.12], [17.97565, 204.86], [17.97629, 90.41], [17.9768, 309.65], [17.97788, 242.8], [17.97947, 390.26], [17.97967, 482.08], [17.98035, 347.14]], 'timestamp': 1711986990292, 'datetime': '2024-04-01T15:56:30.292Z', 'nonce': None}, 'XDC/ETH': {'symbol': 'XDC/ETH', 'bids': [], 'asks': [], 'timestamp': 1711851985693, 'datetime': '2024-03-31T02:26:25.693Z', 'nonce': None}, 'SENT/BTC': {'symbol': 'SENT/BTC', 'bids': [[1e-08, 19973.0], [8e-09, 480.0], [5.1e-09, 52270.0], [5e-09, 98000.0], [4e-09, 560.0], [3.5e-09, 17257.0], [3e-09, 48000.0], [2.2e-09, 2272.0], [1.7e-09, 2941.0], [1.4e-09, 3571.0]], 'asks': [[2.39e-08, 2900.0], [2.68e-08, 1.0], [2.78e-08, 1.0], [2.88e-08, 1.0], [2.89e-08, 3900.0], [3.78e-08, 113.0], [4.06e-08, 18.0], [4.98e-08, 1.0], [4.99e-08, 4900.0], [5e-08, 9.0]], 'timestamp': 1711979890832, 'datetime': '2024-04-01T13:58:10.832Z', 'nonce': None}, 'HIFIUSDT_BQX': {'symbol': 'HIFIUSDT_BQX', 'bids': [], 'asks': [], 'timestamp': 1711851985380, 'datetime': '2024-03-31T02:26:25.380Z', 'nonce': None}, 'LTCUSD_BQX': {'symbol': 'LTCUSD_BQX', 'bids': [[29.5315, 0.779]], 'asks': [[167.3455, 0.779]], 'timestamp': 1711986988099, 'datetime': '2024-04-01T15:56:28.099Z', 'nonce': None}, 'VET/ETH': {'symbol': 'VET/ETH', 'bids': [[1.25623e-05, 16910.0], [1.25446e-05, 214720.0], [1.25275e-05, 303420.0], [1.24746e-05, 2188750.0], [1.21095e-05, 370.0], [1.2077e-05, 2345090.0], [1.17969e-05, 2322240.0], [1.16179e-05, 2430600.0], [1.14914e-05, 2278180.0], [1.5746e-06, 630.0]], 'asks': [[1.26199e-05, 6000.0], [1.262e-05, 14800.0], [1.26322e-05, 198770.0], [1.26441e-05, 313250.0], [1.26645e-05, 241050.0], [1.26912e-05, 264480.0], [1.26934e-05, 370.0], [1.27117e-05, 241660.0], [1.27123e-05, 229220.0], [1.27447e-05, 258870.0]], 'timestamp': 1711986989989, 'datetime': '2024-04-01T15:56:29.989Z', 'nonce': None}, 'USDT/EOSDT': {'symbol': 'USDT/EOSDT', 'bids': [[1.21001, 0.03], [1.21, 0.85], [1.20001, 123.17], [1.2, 13.24], [1.1, 0.22], [1.08, 0.13], [1.07, 1.0], [1.06, 1.0], [1.05, 1.0], [1.03, 0.24]], 'asks': [[2.91994, 27.38], [2.91995, 25.93], [2.92, 2.38], [2.99999, 0.5], [3.0, 1.0], [3.01, 1.0], [3.02, 1.0], [3.03, 1.0], [3.04, 1.0], [3.05, 1.0]], 'timestamp': 1711985684396, 'datetime': '2024-04-01T15:34:44.396Z', 'nonce': None}, 'ETHBTC_BQX': {'symbol': 'ETHBTC_BQX', 'bids': [[0.050503, 0.0083], [0.050474, 0.196], [0.050471, 0.1876], [0.050456, 0.7262], [0.050454, 0.7212], [0.050439, 1.8266], [0.050438, 1.8718], [0.050428, 0.0106], [0.050422, 2.8913], [0.050421, 2.8942]], 'asks': [[0.050557, 0.008], [0.050581, 0.194], [0.050582, 0.1881], [0.050594, 0.7763], [0.050596, 0.7344], [0.050609, 3.7052], [0.050625, 2.8909], [0.050628, 2.8576], [0.050653, 7.5958], [0.050658, 4.7614]], 'timestamp': 1711986990226, 'datetime': '2024-04-01T15:56:30.226Z', 'nonce': None}, 'USDT/USDP': {'symbol': 'USDT/USDP', 'bids': [[0.9998, 14.18], [0.9993, 661.04], [0.999, 2616.39], [0.9985, 6716.75], [0.998299, 19.51], [0.998214, 9997.79], [0.997172, 50.31], [0.997171, 13455.52], [0.99634, 17717.54], [0.995503, 23693.77]], 'asks': [[1.000101, 14.58], [1.000351, 569.6], [1.000667, 694.71], [1.001051, 2699.32], [1.001359, 28.34], [1.00136, 6879.09], [1.001601, 17.92], [1.001952, 10373.51], [1.002407, 12703.7], [1.002862, 17698.81]], 'timestamp': 1711986990229, 'datetime': '2024-04-01T15:56:30.229Z', 'nonce': None}, 'HIFIBTC_BQX': {'symbol': 'HIFIBTC_BQX', 'bids': [], 'asks': [], 'timestamp': 1711851985464, 'datetime': '2024-03-31T02:26:25.464Z', 'nonce': None}, 'ETH/EOSDT': {'symbol': 'ETH/EOSDT', 'bids': [[3511.54, 0.0002], [3380.432, 0.0018], [3348.389, 0.0018], [2046.03, 0.0003], [2000.001, 0.0002], [1969.64, 0.0031], [1800.47, 0.0001], [1200.001, 0.0001], [560.0, 0.0002], [104.605, 0.0216]], 'asks': [[12883.3, 0.0001], [12883.304, 0.0001], [18770.0, 0.0002], [18772.891, 0.0002], [24662.4, 0.0002], [24662.47, 0.0001], [24662.478, 0.0002], [30552.0, 0.0002], [30552.065, 0.0003], [36441.649, 0.003]], 'timestamp': 1711986988128, 'datetime': '2024-04-01T15:56:28.128Z', 'nonce': None}