Timestamp,OrderBook
1711986988,"{'XDC/USDT': {'symbol': 'XDC/USDT', 'bids': [[0.047535, 191.8], [0.047487, 8531.6], [0.047444, 116.1], [0.04744, 248.8], [0.047414, 34596.2], [0.047346, 86505.7], [0.047333, 138.9], [0.047322, 18.7], [0.047293, 116.5], [0.047143, 116.9]], 'asks': [[0.047606, 187.2], [0.047653, 8461.0], [0.047667, 36341.4], [0.0477, 252.0], [0.047733, 85178.0], [0.047836, 129628.0], [0.047841, 115.8], [0.047902, 18.7], [0.047985, 168322.8], [0.047994, 115.4]], 'timestamp': 1711986989947, 'datetime': '2024-04-01T15:56:29.947Z', 'nonce': None}, 'DUSK/BTC': {'symbol': 'DUSK/BTC', 'bids': [[7.699e-06, 34.86], [7.687e-06, 44.12], [6.862e-06, 97.88], [6.861e-06, 1309.79], [6.822e-06, 18570.91], [6.813e-06, 26894.61], [6.806e-06, 73694.71], [6.77e-06, 71660.58], [6.718e-06, 73621.91], [6.679e-06, 72766.13]], 'asks': [[7.711e-06, 32.51], [7.723e-06, 42.33], [7.725e-06, 1576.12], [7.742e-06, 1410.51], [7.752e-06, 18938.82], [7.755e-06, 5756.24], [7.765e-06, 25429.58], [7.773e-06, 14751.57], [7.786e-06, 91482.89], [7.797e-06, 85856.67]], 'timestamp': 1711986990905, 'datetime': '2024-04-01T15:56:30.905Z', 'nonce': None}, 'SNT/USDT': {'symbol': 'SNT/USDT', 'bids': [[0.0462352, 1049.0], [0.0461412, 3145.0], [0.0460369, 6283.0], [0.0460285, 21408.0], [0.0459276, 16851.0], [0.0456315, 62532.0], [0.0456297, 125947.0], [0.0454841, 212692.0], [0.0454248, 214738.0], [0.0454205, 593.0]], 'asks': [[0.0464478, 1043.0], [0.0465219, 3206.0], [0.0465481, 6340.0], [0.0465759, 16029.0], [0.0468049, 20602.0], [0.0469906, 428.0], [0.0470038, 62599.0], [0.0470047, 182012.0], [0.0471463, 126700.0], [0.0472748, 330503.0]], 'timestamp': 1711986991137, 'datetime': '2024-04-01T15:56:31.137Z', 'nonce': None}, 'SUSHI/USDT': {'symbol': 'SUSHI/USDT', 'bids': [[1.799509, 8.5], [1.79782, 8.5], [1.79418, 389.1], [1.792827, 1597.0], [1.792608, 10.7], [1.79242, 374.9], [1.791876, 1604.9], [1.7909, 3756.4], [1.79062, 11.0], [1.790566, 3948.0]], 'asks': [[1.80018, 8.8], [1.800814, 1411.5], [1.800891, 8.1], [1.80482, 2371.7], [1.805127, 4014.6], [1.80567, 2377.3], [1.805973, 4943.0], [1.806358, 381.5], [1.806584, 366.1], [1.806919, 1473.3]], 'timestamp': 1711986991502, 'datetime': '2024-04-01T15:56:31.502Z', 'nonce': None}, 'REP/ETH': {'symbol': 'REP/ETH', 'bids': [[0.000151, 3.392], [0.00015, 20.0], [0.000102, 10.0], [0.0001, 1.898], [7.5e-05, 0.666], [7.4e-05, 11.1], [7.2e-05, 13.888], [3.5e-05, 1544.475], [3.4e-05, 294.117], [2.8e-05, 1.785]], 'asks': [[0.000399, 40.961], [0.0004, 0.1], [0.0005, 0.236], [0.0006, 0.001], [0.0007, 0.001], [0.0008, 0.001], [0.0009, 0.001], [0.001, 0.001], [0.0011, 0.001], [0.0012, 0.001]], 'timestamp': 1711973045168, 'datetime': '2024-04-01T12:04:05.168Z', 'nonce': None}, 'CCE/BCH': {'symbol': 'CCE/BCH', 'bids': [[1.11e-07, 9009.0], [1.1e-07, 183053.0], [4e-09, 124254472.0], [3e-09, 333333.0], [1e-09, 916490.0]], 'asks': [[0.000159576, 1.0], [0.000179999, 51.0], [0.000221593, 178.0], [0.000321593, 178.0], [0.00035, 76.0], [0.000350006, 203.0], [0.099999999, 1.0]], 'timestamp': 1711983689949, 'datetime': '2024-04-01T15:01:29.949Z', 'nonce': None}, 'REN/BTC': {'symbol': 'REN/BTC', 'bids': [[1.5099e-06, 712.0], [1.5098e-06, 167.0], [1.5068e-06, 204.0], [1.4145e-06, 1.0], [1.3763e-06, 1.0], [1.3392e-06, 1.0], [1.177e-06, 40.0], [1.0601e-06, 1.0], [1.01e-06, 101.0], [8e-07, 250.0]], 'asks': [[1.5355e-06, 1.0], [1.5674e-06, 18.0], [1.578e-06, 1.0], [1.5824e-06, 18.0], [1.6218e-06, 1.0], [1.6668e-06, 1.0], [1.713e-06, 1.0], [1.7605e-06, 1.0], [1.8014e-06, 2.0], [1.8094e-06, 1.0]], 'timestamp': 1711986991421, 'datetime': '2024-04-01T15:56:31.421Z', 'nonce': None}, 'CRV/BTC': {'symbol': 'CRV/BTC', 'bids': [[9.399e-06, 21.7], [9.389e-06, 26.3], [9.369e-06, 1103.6], [9.363e-06, 14587.0], [9.354e-06, 21694.5], [9.343e-06, 45345.4], [9.329e-06, 52004.9], [9.316e-06, 48933.0], [9.308e-06, 46503.9], [9.304e-06, 44297.3]], 'asks': [[9.421e-06, 20.8], [9.428e-06, 1013.3], [9.432e-06, 26.9], [9.433e-06, 3975.3], [9.442e-06, 9286.0], [9.445e-06, 1108.8], [9.451e-06, 14386.0], [9.456e-06, 22381.3], [9.459e-06, 55126.6], [9.462e-06, 15094.3]], 'timestamp': 1711986991508, 'datetime': '2024-04-01T15:56:31.508Z', 'nonce': None}, 'BNT/USDT': {'symbol': 'BNT/USDT', 'bids': [[0.423076, 137.5], [0.423075, 22.1], [0.423065, 2.0], [0.410001, 1019.8], [0.41, 117.3], [0.3899, 1284.9], [0.35, 2.8], [0.3, 3.3], [0.2, 0.1], [0.030002, 6.6]], 'asks': [[0.835777, 4.2], [0.842444, 2080.8], [0.844279, 4399.3], [0.844948, 3723.4], [0.845119, 5682.4], [0.845814, 5573.2], [0.846019, 8601.6], [0.846406, 8956.0], [0.847071, 11267.5], [0.84832, 14462.0]], 'timestamp': 1711986991605, 'datetime': '2024-04-01T15:56:31.605Z', 'nonce': None}, 'WAVES/ETH': {'symbol': 'WAVES/ETH', 'bids': [[0.0011398, 189.93], [0.0011379, 2247.06], [0.0011359, 3937.52], [0.0010609, 0.61], [0.0010586, 13.34], [0.0010585, 37612.29], [0.0010508, 0.62], [0.0010336, 35004.66], [0.0010205, 35544.34], [0.0010071, 34342.91]], 'asks': [[0.0011446, 163.66], [0.0011481, 2.38], [0.0011482, 2263.44], [0.0011508, 3288.81], [0.0011999, 4.31], [0.0012, 0.01], [0.0012913, 0.05], [0.00138, 0.85], [0.0014, 0.01], [0.0016, 0.01]], 'timestamp': 1711986988849, 'datetime': '2024-04-01T15:56:28.849Z', 'nonce': None}, 'USDD/USDT': {'symbol': 'USDD/USDT', 'bids': [[0.960006, 40.6], [0.960005, 20.9], [0.960003, 0.5], [0.960002, 16.6], [0.91, 2.7], [0.909998, 5.0], [0.90115, 1.1], [0.901148, 221.9], [0.898503, 2611.7], [0.892501, 5000.2]], 'asks': [[1.029955, 18.9], [1.08, 2.5], [1.16, 2.7], [1.319997, 78.5], [1.319998, 14.0], [1.319999, 0.6], [1.32, 2.5], [1.52, 2.5], [1.59, 0.1], [1.603143, 38.2]], 'timestamp': 1711986991225, 'datetime': '2024-04-01T15:56:31.225Z', 'nonce': None}, 'WAVES/USDT': {'symbol': 'WAVES/USDT', 'bids': [[3.94679, 4.31], [3.9466, 4.04], [3.94579, 4.31], [3.9445, 174.76], [3.94222, 730.6], [3.94068, 5.04], [3.93926, 1449.7], [3.93607, 2337.11], [3.93333, 3387.29], [3.93243, 182.4]], 'asks': [[3.9484, 3.9], [3.95037, 177.98], [3.95272, 607.67], [3.95291, 713.36], [3.95432, 4.83], [3.95642, 1758.87], [3.95689, 1507.47], [3.95739, 915.54], [3.95767, 2537.92], [3.9581, 3242.05]], 'timestamp': 1711986991589, 'datetime': '2024-04-01T15:56:31.589Z', 'nonce': None}, 'SPELL/USDT': {'symbol': 'SPELL/USDT', 'bids': [[0.000875, 47678.0], [0.000874, 8756.0], [0.000872, 1977.0], [0.000702, 3463.0], [0.000601, 91.0], [0.000351, 152300.0], [0.00035, 60727.0], [0.00034, 900.0], [0.000339, 1200.0], [0.0003, 3343.0]], 'asks': [[0.001169, 19339.0], [0.00117, 888847.0], [0.001171, 3517355.0], [0.001172, 8568661.0], [0.001174, 12285872.0], [0.001175, 21179.0], [0.001176, 3753802.0], [0.001177, 7576746.0], [0.001178, 659080.0], [0.001184, 16216482.0]], 'timestamp': 1711986991327, 'datetime': '2024-04-01T15:56:31.327Z', 'nonce': None}, 'SOL/ETH': {'symbol': 'SOL/ETH', 'bids': [[0.0541196, 0.01], [0.0541115, 0.005], [0.0541008, 3.413], [0.0540604, 42.822], [0.0539633, 21.034], [0.0539632, 71.77], [0.053936, 413.567], [0.0538546, 440.037], [0.0537965, 404.848], [0.0537369, 432.048]], 'asks': [[0.0543095, 3.724], [0.0543722, 52.027], [0.0544329, 78.338], [0.0545084, 411.74], [0.0545163, 401.382], [0.0546146, 476.879], [0.0546473, 407.123], [0.0546608, 475.747], [0.0548316, 460.082], [0.0561746, 4.869]], 'timestamp': 1711986990593, 'datetime': '2024-04-01T15:56:30.593Z', 'nonce': None}, 'BNT/USDC': {'symbol': 'BNT/USDC', 'bids': [[0.25246, 36.0], [0.01004, 73.0], [0.00105, 32563.2], [0.00104, 560.0], [0.0006, 2500.0], [0.0004, 0.5], [0.0003, 0.5], [0.0002, 0.5], [0.00014, 7946.5], [0.0001, 10000.5]], 'asks': [[0.84297, 886.7], [0.84582, 10906.6], [0.84727, 17778.7], [0.84876, 13076.5], [0.85033, 13123.8], [0.85131, 12221.9], [0.85496, 12671.6], [1.43065, 36.0]], 'timestamp': 1711986991607, 'datetime': '2024-04-01T15:56:31.607Z', 'nonce': None}, 'AKRO/USDT': {'symbol': 'AKRO/USDT', 'bids': [[0.002654, 20130.0], [0.0026539, 11303.0], [0.0026511, 3543.0], [0.00225, 96302.0], [0.002125, 5.0], [0.0011, 300.0], [0.00091, 300.0], [0.0007106, 400.0], [0.0007105, 140.0], [0.00071, 400.0]], 'asks': [[0.0089206, 967.0], [0.0089292, 1.0], [0.009, 100.0], [0.01, 539.0], [0.012, 1.0], [0.01395, 13.0], [0.014, 1.0], [0.016, 1.0], [0.017, 219.0], [0.017391, 3593.0]], 'timestamp': 1711986989495, 'datetime': '2024-04-01T15:56:29.495Z', 'nonce': None}, 'DAR/USDT': {'symbol': 'DAR/USDT', 'bids': [[0.23566, 67.4], [0.23546, 2949.93], [0.23532, 82.8], [0.23524, 12081.32], [0.23479, 28767.94], [0.07073, 2420.58], [0.02, 15.0], [0.0102, 29.41], [0.01, 10.0], [0.002, 150.0]], 'asks': [[0.23587, 63.82], [0.236, 2985.04], [0.23622, 82.11], [0.23628, 11513.88], [0.23657, 29638.23], [0.23693, 44034.31], [0.23714, 18974.98], [0.23736, 29904.17], [0.23769, 42189.61], [0.23796, 55490.43]], 'timestamp': 1711986991588, 'datetime': '2024-04-01T15:56:31.588Z', 'nonce': None}, 'WAVES/USDC': {'symbol': 'WAVES/USDC', 'bids': [[3.94, 172.67], [3.9325, 2182.24], [3.9253, 3817.49], [3.9062, 9856.99], [3.7513, 5.9], [3.7512, 9603.9], [3.6939, 8271.7], [3.6452, 9571.35], [3.6194, 8586.64], [0.005, 0.1]], 'asks': [[3.9547, 163.95], [3.9596, 26.23], [3.9597, 2471.18], [3.9652, 3558.99], [3.9695, 7913.92], [3.9755, 8110.81], [3.9824, 7428.15], [3.9879, 8110.61], [3.9956, 8343.7], [57.0, 20.71]], 'timestamp': 1711986991249, 'datetime': '2024-04-01T15:56:31.249Z', 'nonce': None}, 'SNT/BTC': {'symbol': 'SNT/BTC', 'bids': [[6.749e-07, 1066.0], [6.739e-07, 3148.0], [6.728e-07, 6319.0], [6.724e-07, 16851.0], [6.709e-07, 20665.0], [6.686e-07, 62071.0], [6.654e-07, 214738.0], [6.647e-07, 125253.0], [6.626e-07, 203970.0], [6.607e-07, 325401.0]], 'asks': [[6.799e-07, 9471.0], [6.801e-07, 341.0], [6.805e-07, 16140.0], [6.811e-07, 407.0], [6.823e-07, 20936.0], [6.83e-07, 16029.0], [6.846e-07, 120310.0], [6.894e-07, 209277.0], [6.908e-07, 182051.0], [6.909e-07, 141072.0]], 'timestamp': 1711986990905, 'datetime': '2024-04-01T15:56:30.905Z', 'nonce': None}, 'SPELL/BTC': {'symbol': 'SPELL/BTC', 'bids': [[1.27e-08, 23140.0], [1.01e-08, 121252.0], [1e-08, 27000.0], [6e-09, 59000.0], [5.1e-09, 196912.0], [5e-09, 1.0], [3.5e-09, 30333.0]], 'asks': [[1.72e-08, 8127624.0], [1.73e-08, 12639440.0], [1.74e-08, 11827826.0], [1.75e-08, 26931124.0], [1.76e-08, 25505516.0], [2.91e-08, 205203.0], [4.55e-08, 10651.0], [8.83e-08, 7327.0], [9.55e-08, 2406.0], [1e-07, 6.0]], 'timestamp': 1711986991465, 'datetime': '2024-04-01T15:56:31.465Z', 'nonce': None}, 'SUSHI/USDC': {'symbol': 'SUSHI/USDC', 'bids': [[1.7977, 8.74], [1.7966, 388.83], [1.795, 11.06], [1.7925, 357.11], [1.7888, 4902.89], [1.7852, 8605.07], [1.7226, 21.45], [1.7225, 24867.56], [1.6798, 26957.39], [1.6565, 24364.42]], 'asks': [[1.802, 402.22], [1.8031, 8.82], [1.8058, 10.83], [1.8067, 5145.26], [1.8098, 7756.32], [1.8125, 29742.64], [1.816, 29725.44], [1.8228, 28996.29], [1.83, 32125.77], [1.8399, 30071.63]], 'timestamp': 1711986991317, 'datetime': '2024-04-01T15:56:31.317Z', 'nonce': None}, 'TRX/USDT': {'symbol': 'TRX/USDT', 'bids': [[0.120066, 761.0], [0.1200659, 5263.0], [0.120062, 416.0], [0.1200599, 20821.0], [0.1200514, 56423.0], [0.120046, 637.0], [0.1200439, 115.0], [0.1200369, 82666.0], [0.1200319, 5191.0], [0.1200187, 22400.0]], 'asks': [[0.1200661, 115.0], [0.1200797, 5201.0], [0.1201087, 20843.0], [0.1201121, 117.0], [0.1201241, 5321.0], [0.1201291, 55394.0], [0.1201301, 22637.0], [0.120147, 51956.0], [0.1201541, 79161.0], [0.120162, 30577.0]], 'timestamp': 1711986991604, 'datetime': '2024-04-01T15:56:31.604Z', 'nonce': None}, 'GLEEC/USDT': {'symbol': 'GLEEC/USDT', 'bids': [[0.011051, 4524.4], [0.010982, 13027.2], [0.010923, 17096.6], [0.010774, 8159.0], [0.010687, 896.5], [0.010686, 2969.1], [0.010601, 1000.0], [0.0106, 5176.4], [0.01054, 7594.2], [0.010531, 4743.0]], 'asks': [[0.011896, 2018.9], [0.011897, 921.7], [0.012033, 174.5], [0.0122, 2.6], [0.012216, 843.1], [0.01246, 2123.0], [0.012873, 31373.2], [0.012874, 1616.9], [0.012876, 2723.8], [0.012963, 710.6]], 'timestamp': 1711986990511, 'datetime': '2024-04-01T15:56:30.511Z', 'nonce': None}, 'PSL/USDT': {'symbol': 'PSL/USDT', 'bids': [[0.00030194, 114620.0], [0.00030134, 229740.0], [0.00030074, 345310.0], [0.00030033, 8320.0], [0.00030013, 461330.0], [0.00029953, 577830.0], [0.00029892, 694800.0], [0.00029832, 812240.0], [0.00029772, 930160.0], [0.00029711, 1048560.0]], 'asks': [[0.00035, 100.0], [0.0004, 100.0], [0.00045, 100.0], [0.0005, 100.0], [0.00055, 100.0], [0.0006, 100.0], [0.00065, 100.0], [0.0007, 100.0], [0.00075, 100.0], [0.0008, 100.0]], 'timestamp': 1711985952238, 'datetime': '2024-04-01T15:39:12.238Z', 'nonce': None}, 'ADA/USDT:USDT': {'symbol': 'ADA/USDT:USDT', 'bids': [[0.6104, 39986.0], [0.6103, 55153.0], [0.6102, 70088.0], [0.6101, 81696.0], [0.61, 63922.0], [0.6099, 80946.0], [0.6098, 70372.0], [0.6097, 60952.0], [0.6096, 84569.0], [0.6095, 91609.0]], 'asks': [[0.6105, 3269.0], [0.6106, 33279.0], [0.6107, 35735.0], [0.6108, 90445.0], [0.6109, 62034.0], [0.611, 195684.0], [0.6111, 48153.0], [0.6112, 244540.0], [0.6114, 67678.0], [0.6115, 27374.0]], 'timestamp': 1711986991554, 'datetime': '2024-04-01T15:56:31.554Z', 'nonce': None}, 'TRX/USDD': {'symbol': 'TRX/USDD', 'bids': [[0.044, 251.0], [0.033916, 2550.0], [0.033915, 528.0], [0.006102, 16.0], [0.0061, 25.0], [0.006001, 699.0], [0.006, 220.0], [1e-06, 109967.0]], 'asks': [[79.999955, 3.0], [79.999981, 3.0], [79.999999, 1.0], [80.0, 5.0], [100.973992, 1.0], [114.045086, 1.0], [127.427796, 1.0], [177.792781, 1.0], [196.999992, 1.0], [220.0, 1.0]], 'timestamp': 1711986990026, 'datetime': '2024-04-01T15:56:30.026Z', 'nonce': None}, 'MATIC/USDC': {'symbol': 'MATIC/USDC', 'bids': [[0.9374, 15.2], [0.9369, 697.0], [0.936, 18.3], [0.9356, 700.3], [0.9336, 10592.3], [0.9324, 16214.1], [0.9304, 40494.7], [0.9207, 15.6], [0.9206, 34029.4], [0.9135, 33885.6]], 'asks': [[0.9382, 15.4], [0.9391, 798.9], [0.9396, 19.2], [0.9398, 9432.4], [0.9405, 22.6], [0.9406, 15898.9], [0.9414, 72675.2], [0.9424, 64499.3], [0.9485, 77456.2], [0.9516, 67237.9]], 'timestamp': 1711986991355, 'datetime': '2024-04-01T15:56:31.355Z', 'nonce': None}, 'ONT/ETH': {'symbol': 'ONT/ETH', 'bids': [[9.65e-05, 2116.3], [9.63e-05, 26473.0], [9.603e-05, 39740.8], [9.566e-05, 92777.6], [9.449e-05, 2521.6], [9.448e-05, 81983.1], [9.19e-05, 94772.6], [9.001e-05, 90691.0], [8.92e-05, 7.2], [8.843e-05, 80401.5]], 'asks': [[9.694e-05, 1991.8], [9.713e-05, 27984.5], [9.727e-05, 150.2], [9.728e-05, 38709.8], [9.752e-05, 86134.0], [9.776e-05, 100854.2], [9.796e-05, 99155.1], [9.797e-05, 88223.9], [9.809e-05, 96383.2], [9.829e-05, 100270.4]], 'timestamp': 1711986990644, 'datetime': '2024-04-01T15:56:30.644Z', 'nonce': None}, 'OMG/BTC': {'symbol': 'OMG/BTC', 'bids': [[1.496e-05, 724.64], [1.375e-05, 1296.28], [1.374e-05, 8669.17], [1.346e-05, 14523.01], [1.344e-05, 0.29], [1.331e-05, 25691.71], [1.32e-05, 28175.17], [1.316e-05, 0.2], [1.308e-05, 26135.36], [1.291e-05, 29282.14]], 'asks': [[1.508e-05, 628.82], [1.511e-05, 9564.18], [1.513e-05, 13602.72], [1.516e-05, 26208.25], [1.52e-05, 24685.4], [1.521e-05, 26107.69], [1.526e-05, 25908.26], [1.529e-05, 26054.52], [1.547e-05, 5.16], [1.561e-05, 5.16]], 'timestamp': 1711986990991, 'datetime': '2024-04-01T15:56:30.991Z', 'nonce': None}, 'IQQ/BTC': {'symbol': 'IQQ/BTC', 'bids': [[3e-09, 100.0], [2e-09, 1000.0], [1e-09, 10010.0]], 'asks': [[1.99e-07, 1.6], [2e-07, 1.0], [2.07e-07, 1.6], [2.15e-07, 1.6], [2.2e-07, 1.0], [2.23e-07, 1.7], [2.26e-07, 1.0], [2.27e-07, 1.0], [2.28e-07, 6.2], [2.31e-07, 1.6]], 'timestamp': 1711530001694, 'datetime': '2024-03-27T09:00:01.694Z', 'nonce': None}, 'OXT/USDT': {'symbol': 'OXT/USDT', 'bids': [[0.120333, 142.2], [0.120332, 324.1], [0.120312, 14.5], [0.12, 10.0], [0.100068, 831.0], [0.100067, 249.5], [0.100065, 164.9], [0.1, 10.0], [0.09, 10.0], [0.08, 10.0]], 'asks': [[0.141371, 4138.2], [0.141508, 103.0], [0.141615, 97.4], [0.141685, 4514.3], [0.141714, 4340.7], [0.14172, 131.3], [0.141807, 19077.1], [0.141827, 126.7], [0.141959, 43461.8], [0.142106, 18662.5]], 'timestamp': 1711986991423, 'datetime': '2024-04-01T15:56:31.423Z', 'nonce': None}, 'APE/USDT': {'symbol': 'APE/USDT', 'bids': [[1.855, 2123.901], [1.854, 5124.457], [1.853, 9717.018], [1.852, 20269.796], [1.851, 4311.278], [1.85, 20731.715], [1.849, 25951.11], [1.848, 26213.535], [1.847, 16971.918], [1.846, 24667.203]], 'asks': [[1.856, 56.546], [1.857, 1776.506], [1.858, 2766.154], [1.859, 16176.666], [1.86, 32227.265], [1.861, 19547.566], [1.862, 41698.778], [1.863, 17581.161], [1.864, 47553.14], [1.865, 46415.371]], 'timestamp': 1711986991572, 'datetime': '2024-04-01T15:56:31.572Z', 'nonce': None}, 'FIRO/USDT': {'symbol': 'FIRO/USDT', 'bids': [[1.7014, 5.51], [1.70139, 1.04], [1.67266, 14.93], [1.60001, 0.1], [1.50001, 0.1], [1.42153, 0.1], [1.42003, 0.1], [1.36266, 0.1], [1.36263, 0.15], [1.29, 0.38]], 'asks': [[2.47708, 14.6], [2.47709, 0.05], [2.4999, 0.04], [2.60859, 0.06], [2.62568, 0.01], [2.74008, 0.05], [2.87158, 0.05], [2.89439, 0.01], [3.00308, 0.06], [3.13458, 0.05]], 'timestamp': 1711986480181, 'datetime': '2024-04-01T15:48:00.181Z', 'nonce': None}, 'FRIN/USDT': {'symbol': 'FRIN/USDT', 'bids': [[0.0018, 10.0], [0.0016, 10.0], [0.0005459, 915.0], [0.00025, 20000.0], [0.0002, 1500.0], [0.000152, 1973.0], [0.0001501, 914220.0], [0.00015, 733333.0], [0.0001, 1000.0], [5.45e-05, 9174.0]], 'asks': [[0.0020787, 14568.0], [0.0020788, 10812.0], [0.0022035, 849.0], [0.00267, 2.0], [0.003, 10.0], [0.0035, 10.0], [0.00385, 3214.0], [0.004, 10.0], [0.0045, 10.0], [0.005, 10.0]], 'timestamp': 1711986129700, 'datetime': '2024-04-01T15:42:09.700Z', 'nonce': None}, 'SLP/BTC': {'symbol': 'SLP/BTC', 'bids': [[7.8e-08, 11.0], [5.3e-08, 30.0], [4.7e-08, 5.0], [2.6e-08, 76.9], [2.5e-08, 2000.0], [2.4e-08, 8127.5], [2.3e-08, 30797.2], [2.2e-08, 136.3], [2e-08, 25.0], [1.3e-08, 384.6]], 'asks': [[1.14e-07, 55.5], [1.15e-07, 55.5], [1.16e-07, 6307.7], [1.73e-07, 2704.9], [1.74e-07, 2380.9], [1.76e-07, 0.1], [1.78e-07, 0.1], [1.79e-07, 0.1], [1.8e-07, 1.7], [1.9e-07, 1.0]], 'timestamp': 1711986991144, 'datetime': '2024-04-01T15:56:31.144Z', 'nonce': None}, 'TRX/USDC': {'symbol': 'TRX/USDC', 'bids': [[0.12006, 416.0], [0.120053, 119.0], [0.119974, 5592.0], [0.119921, 5585.0], [0.119873, 156.0], [0.119863, 76200.0], [0.1198, 21311.0], [0.119699, 112055.0], [0.119498, 712898.0], [0.11946, 688681.0]], 'asks': [[0.120137, 126.0], [0.120166, 5954.0], [0.120255, 80772.0], [0.120317, 154.0], [0.120446, 122721.0], [0.120537, 485763.0], [0.120761, 327.0], [0.120762, 441686.0], [0.121217, 440723.0], [0.121684, 426791.0]], 'timestamp': 1711986990823, 'datetime': '2024-04-01T15:56:30.823Z', 'nonce': None}, 'ZRX/BTC': {'symbol': 'ZRX/BTC', 'bids': [[1.0031e-05, 1151.3], [1.0029e-05, 143.7], [9.911e-06, 129.3], [9.889e-06, 643.0], [9.888e-06, 133.7], [9.82e-06, 0.1], [9.776e-06, 0.1], [9.75e-06, 5.0], [9.604e-06, 0.1], [9.576e-06, 0.1]], 'asks': [[1.0132e-05, 16.4], [1.0133e-05, 3590.6], [1.0135e-05, 6965.7], [1.0143e-05, 19.6], [1.0158e-05, 11419.0], [1.0254e-05, 54.5], [1.0255e-05, 14511.4], [1.0379e-05, 0.4], [1.0478e-05, 0.4], [1.1241e-05, 123.2]], 'timestamp': 1711986991099, 'datetime': '2024-04-01T15:56:31.099Z', 'nonce': None}, 'GLM/BTC': {'symbol': 'GLM/BTC', 'bids': [[6.534e-06, 44.5], [5.88e-06, 4.0], [5.5e-06, 10.0], [5.25e-06, 10.0], [5e-06, 10.0], [4.75e-06, 10.0], [4.5e-06, 10.0], [4.25e-06, 10.0], [4e-06, 5.0], [3.928e-06, 159.5]], 'asks': [[1e-05, 31.3], [1.05e-05, 5.0], [1.1e-05, 0.5], [1.15e-05, 5.0], [1.25e-05, 5.0], [1.3171e-05, 0.1], [1.35e-05, 5.0], [1.45e-05, 5.0], [1.4988e-05, 1164.0], [1.4989e-05, 193.8]], 'timestamp': 1711986991562, 'datetime': '2024-04-01T15:56:31.562Z', 'nonce': None}, 'CRU/BTC': {'symbol': 'CRU/BTC', 'bids': [[1.8e-06, 1.0], [1.6e-06, 0.16], [1e-06, 0.439], [1e-07, 0.001]], 'asks': [[0.0001759, 0.001], [0.000176, 0.118], [0.01, 0.001]], 'timestamp': 1711984419703, 'datetime': '2024-04-01T15:13:39.703Z', 'nonce': None}, 'DEXE/ETH': {'symbol': 'DEXE/ETH', 'bids': [[0.0007503, 7.65], [0.0007501, 19.59], [0.00075, 4.31], [7.29e-05, 0.68], [7.28e-05, 13.73], [5.29e-05, 0.94], [5.28e-05, 18.93], [3.29e-05, 1.51], [3.28e-05, 30.48], [2.28e-05, 43.85]], 'asks': [[0.9999999, 0.73], [1.0, 0.04], [10000000000.0, 0.01]], 'timestamp': 1711986008659, 'datetime': '2024-04-01T15:40:08.659Z', 'nonce': None}, 'CPRX/ETH': {'symbol': 'CPRX/ETH', 'bids': [[1e-09, 1001.0]], 'asks': [[0.009000098, 60.0], [0.090000099, 40.0], [0.9000001, 40.0], [9.00000001, 30.0], [90.000000001, 1.0]], 'timestamp': 1711530001694, 'datetime': '2024-03-27T09:00:01.694Z', 'nonce': None}, 'XNO/ETH': {'symbol': 'XNO/ETH', 'bids': [[0.0001197, 0.59], [0.0001196, 0.09], [0.0001194, 0.77], [8.31e-05, 0.6], [8.3e-05, 20.0], [4.54e-05, 1193.96], [4.53e-05, 156.49], [1.02e-05, 5.0], [1.01e-05, 990.09], [9.4e-06, 645.32]], 'asks': [[0.0004, 0.01], [0.00045, 0.01], [0.00047, 0.01], [0.000479, 0.01], [0.0004797, 0.01], [0.0004799, 0.01], [0.0004809, 0.01], [0.0004829, 0.02], [0.0004859, 0.01], [0.0004869, 0.01]], 'timestamp': 1711986983925, 'datetime': '2024-04-01T15:56:23.925Z', 'nonce': None}, 'DASH/ETH': {'symbol': 'DASH/ETH', 'bids': [[0.010733, 18.408], [0.010708, 271.831], [0.010687, 376.761], [0.010643, 1944.51], [0.010605, 0.389], [0.010604, 1978.308], [0.010572, 2037.476], [0.010529, 2049.045], [0.010445, 2124.533], [0.009095, 0.005]], 'asks': [[0.010813, 17.133], [0.010834, 256.261], [0.010849, 361.92], [0.01089, 1726.633], [0.010925, 1753.76], [0.010956, 1616.723], [0.010966, 13.232], [0.011005, 1548.323], [0.011057, 1605.656], [0.011419, 0.005]], 'timestamp': 1711986990487, 'datetime': '2024-04-01T15:56:30.487Z', 'nonce': None}, 'MANA/USDC': {'symbol': 'MANA/USDC', 'bids': [[0.61606, 23.0], [0.61592, 1105.1], [0.61576, 1040.3], [0.61514, 30.8], [0.61489, 13764.4], [0.61407, 22847.9], [0.61345, 30030.7], [0.61266, 31150.0], [0.6119, 34849.6], [0.61043, 34261.0]], 'asks': [[0.61754, 22.6], [0.61763, 1122.8], [0.61818, 13817.4], [0.61846, 30.4], [0.61862, 23490.2], [0.61942, 35384.1], [0.61946, 39554.6], [0.62, 39347.1], [0.62036, 39039.7], [0.62087, 38944.1]], 'timestamp': 1711986991004, 'datetime': '2024-04-01T15:56:31.004Z', 'nonce': None}, 'DODO/USDT': {'symbol': 'DODO/USDT', 'bids': [[0.23311, 13.74], [0.23131, 13.85], [0.22953, 13.96], [0.22776, 14.07], [0.22601, 14.17], [0.22427, 14.28], [0.22254, 14.4], [0.22083, 14.51], [0.21913, 14.62], [0.21744, 14.73]], 'asks': [[0.23412, 1538.17], [0.23423, 56.08], [0.23448, 2665.38], [0.23455, 70.99], [0.23467, 10741.18], [0.23493, 26524.55], [0.23513, 37266.75], [0.23527, 51215.21], [0.23664, 69144.64], [0.2372, 13.64]], 'timestamp': 1711986991486, 'datetime': '2024-04-01T15:56:31.486Z', 'nonce': None}, 'XEM/ETH': {'symbol': 'XEM/ETH', 'bids': [[1.2847e-05, 7709.0], [1.2846e-05, 7557.0], [1.2506e-05, 52.0], [1.2387e-05, 52.0], [1e-05, 100.0], [7.286e-06, 89.0], [6.769e-06, 295.0], [4.769e-06, 419.0], [3.004e-06, 243.0], [2.769e-06, 722.0]], 'asks': [[1.4189e-05, 8.0], [1.4325e-05, 8.0], [1.6924e-05, 327.0], [1.6925e-05, 2.0], [1.9722e-05, 8.0], [2.0039e-05, 50.0], [2.3486e-05, 2.0], [2.4e-05, 1.0], [2.4099e-05, 3667.0], [2.41e-05, 35292.0]], 'timestamp': 1711986991552, 'datetime': '2024-04-01T15:56:31.552Z', 'nonce': None}, 'USDD/USDC': {'symbol': 'USDD/USDC', 'bids': [[0.4002, 0.2], [0.4001, 0.2], [0.4, 100.0], [0.2997, 48.9], [0.1004, 1.5], [0.0501, 1.0], [0.0101, 5.0], [0.0034, 25.0], [0.001, 100.0], [0.0006, 753.9]], 'asks': [[2.12, 2.5], [4.2399, 57.5], [4.24, 2.5], [1652.0, 2.0], [1653.0, 1.0], [1653.0001, 3.0], [999999999999.0, 0.1]], 'timestamp': 1711986990673, 'datetime': '2024-04-01T15:56:30.673Z', 'nonce': None}, 'XBN/USDT': {'symbol': 'XBN/USDT', 'bids': [[0.000351, 7061.0], [0.00035, 1000.0], [0.0003, 16206.0], [0.00025, 23584.0], [0.0002, 1000.0], [0.00018, 1000.0], [0.00016, 1000.0], [0.00014, 1000.0], [0.00012, 1000.0], [0.000108, 494.0]], 'asks': [[0.000405, 89446.0], [0.000406, 7094.0], [0.00041, 150469.0], [0.00045, 23653.0], [0.0005, 31000.0], [0.00055, 1000.0], [0.0006, 31000.0], [0.00065, 900.0], [0.0007, 1000.0], [0.00075, 1000.0]], 'timestamp': 1711986859572, 'datetime': '2024-04-01T15:54:19.572Z', 'nonce': None}, 'ETH/BTC': {'symbol': 'ETH/BTC', 'bids': [[0.050529, 0.0843], [0.050527, 0.004], [0.050524, 0.0057], [0.050522, 2.8594], [0.050519, 7.0683], [0.05051, 3.5402], [0.050509, 33.9578], [0.050504, 11.6389], [0.050502, 5.1225], [0.050498, 6.5276]], 'asks': [[0.050543, 0.004], [0.050546, 0.005], [0.050548, 2.7388], [0.050551, 7.1039], [0.050557, 6.5996], [0.050561, 10.5238], [0.050563, 3.854], [0.050568, 5.1006], [0.050569, 7.6778], [0.050571, 9.2674]], 'timestamp': 1711986991578, 'datetime': '2024-04-01T15:56:31.578Z', 'nonce': None}, 'KSM/USDT': {'symbol': 'KSM/USDT', 'bids': [[45.265, 0.3241], [45.256, 0.3255], [45.234, 14.5749], [45.225, 14.0752], [45.197, 0.4014], [45.189, 0.39], [45.081, 15.0898], [43.121, 0.0029], [42.713, 0.003], [41.186, 3.4503]], 'asks': [[45.295, 0.3322], [45.329, 15.1216], [45.361, 58.9168], [45.363, 0.4079], [45.4, 151.0625], [45.434, 115.2801], [45.441, 96.0603], [45.444, 223.7452], [45.477, 200.9068], [45.492, 148.887]], 'timestamp': 1711986991589, 'datetime': '2024-04-01T15:56:31.589Z', 'nonce': None}, 'WIN/BTC': {'symbol': 'WIN/BTC', 'bids': [[2.3e-09, 4913600.0], [2.29e-09, 64110000.0], [2.28e-09, 97043700.0], [2.27e-09, 29363800.0], [2.24e-09, 493500.0], [2.23e-09, 32475100.0], [2.15e-09, 100.0], [2.12e-09, 500.0], [1.95e-09, 31952300.0], [1.5e-09, 100.0]], 'asks': [[2.64e-09, 100.0], [2.71e-09, 100.0], [2.78e-09, 100.0], [2.79e-09, 1800.0], [2.83e-09, 100.0], [2.86e-09, 5000.0], [2.9e-09, 100.0], [2.96e-09, 100.0], [2.97e-09, 83200.0], [3.05e-09, 100.0]], 'timestamp': 1711986991531, 'datetime': '2024-04-01T15:56:31.531Z', 'nonce': None}, 'FORTH/USDT': {'symbol': 'FORTH/USDT', 'bids': [[4.9794, 7.832], [4.9793, 4.016], [4.9779, 1.537], [4.9777, 0.346], [3.4375, 7.992], [3.1, 0.645], [2.9847, 0.031], [2.969, 0.01], [2.5781, 0.969], [2.0, 0.5]], 'asks': [[7.0928, 3.06], [7.0929, 0.018], [7.1428, 0.047], [7.1836, 0.005], [7.5, 0.047], [7.53, 0.005], [7.8571, 0.048], [7.8764, 0.006], [8.0, 1.0], [8.2142, 0.047]], 'timestamp': 1711986949689, 'datetime': '2024-04-01T15:55:49.689Z', 'nonce': None}, 'BOSON/ETH': {'symbol': 'BOSON/ETH', 'bids': [[3.05e-05, 190.04], [1.06e-05, 0.01], [1e-05, 10.0], [3.5e-06, 4645.27], [3.4e-06, 942.35], [1e-06, 100.0], [5e-07, 10000.0], [3e-07, 14765.27], [1e-07, 1000.01]], 'asks': [[0.0002498, 3.46], [0.0002499, 56.4], [0.00025, 0.01], [0.00029, 0.01], [0.000296, 0.01], [0.0002962, 0.01], [0.0002964, 24.0], [0.0008326, 26.0], [0.0008332, 2.99], [0.0013, 0.37]], 'timestamp': 1711986975083, 'datetime': '2024-04-01T15:56:15.083Z', 'nonce': None}, 'AAVE/USDT:USDT': {'symbol': 'AAVE/USDT:USDT', 'bids': [[125.291, 4.74], [125.279, 10.58], [125.271, 518.52], [125.27, 35.46], [125.269, 135.93], [125.264, 9.64], [125.222, 160.26], [125.214, 28.39], [125.203, 5.78], [125.188, 24.76]], 'asks': [[125.594, 4.15], [125.607, 10.46], [125.618, 38.22], [125.622, 9.21], [125.635, 29.26], [125.659, 39.67], [125.665, 22.86], [125.681, 3.3], [125.683, 5.92], [125.689, 6.71]], 'timestamp': 1711986991643, 'datetime': '2024-04-01T15:56:31.643Z', 'nonce': None}, 'BCH/EOSDT': {'symbol': 'BCH/EOSDT', 'bids': [[0.003, 2.8888], [0.002, 14794.0221], [0.001, 531.9419]], 'asks': [[9499.989, 0.0006], [9499.99, 0.001], [9500.0, 0.1673], [37290.3, 0.001], [37290.323, 0.0001], [129900.0, 0.001], [130000.0, 0.0004], [12990000.0, 0.001], [13000000.0, 0.0002]], 'timestamp': 1711657699832, 'datetime': '2024-03-28T20:28:19.832Z', 'nonce': None}, 'SENSO/BCH': {'symbol': 'SENSO/BCH', 'bids': [[6.04e-06, 165.5], [6.03e-06, 2000.0], [1e-07, 10000.0], [2e-08, 2584983.5], [1e-08, 100000.0]], 'asks': [[0.00559732, 71.1], [0.007559, 13.5], [0.09419999, 0.1], [0.1511, 0.3]], 'timestamp': 1711966164512, 'datetime': '2024-04-01T10:09:24.512Z', 'nonce': None}, 'MANA/USDT': {'symbol': 'MANA/USDT', 'bids': [[0.6168792, 24.0], [0.6168691, 22.0], [0.6168038, 1087.0], [0.6166383, 22.0], [0.6162809, 6317.0], [0.6161903, 28.0], [0.6159987, 9435.0], [0.6159596, 29.0], [0.6157102, 12808.0], [0.6156886, 13594.0]], 'asks': [[0.6170617, 22.0], [0.6171309, 23.0], [0.6171926, 1023.0], [0.6171957, 1057.0], [0.61737, 4329.0], [0.6174051, 4160.0], [0.6174897, 6023.0], [0.6176926, 9356.0], [0.6176946, 11436.0], [0.6177265, 10847.0]], 'timestamp': 1711986991533, 'datetime': '2024-04-01T15:56:31.533Z', 'nonce': None}, 'LINK/USDT:USDT': {'symbol': 'LINK/USDT:USDT', 'bids': [[17.989, 75.9], [17.988, 341.8], [17.987, 282.5], [17.986, 715.4], [17.985, 917.3], [17.984, 524.7], [17.983, 370.4], [17.982, 787.4], [17.981, 340.5], [17.98, 755.8]], 'asks': [[17.99, 273.5], [17.991, 273.5], [17.992, 1053.9], [17.993, 1366.7], [17.994, 1366.7], [17.995, 2026.5], [17.996, 1269.3], [17.997, 884.3], [17.998, 3924.3], [17.999, 508.5]], 'timestamp': 1711986991602, 'datetime': '2024-04-01T15:56:31.602Z', 'nonce': None}, 'RELAY/USDT': {'symbol': 'RELAY/USDT', 'bids': [[0.20001, 24.7], [0.2, 1.0], [0.18, 1.0], [0.16, 1.0], [0.14, 1.0], [0.12, 1.0], [0.1, 1.0], [0.09, 1.0], [0.08, 1.0], [0.075, 1.0]], 'asks': [[0.63981, 246.3], [0.63982, 58.9], [0.64, 158.6], [0.65, 1.0], [0.7, 1.0], [0.75, 1.0], [0.8, 1.0], [0.9, 1.0], [1.0, 1.0], [70.0, 1.0]], 'timestamp': 1711986991572, 'datetime': '2024-04-01T15:56:31.572Z', 'nonce': None}, 'XYM/USDT': {'symbol': 'XYM/USDT', 'bids': [[0.0253, 359000.0], [0.025, 1.0], [0.0234, 1093.8], [0.020042, 0.5], [0.020041, 0.1], [0.015201, 1.0], [0.0152, 32.8], [0.013, 16.0], [0.01252, 39.9], [0.011, 20.0]], 'asks': [[0.03118, 3266.7], [0.031181, 72.7], [0.035, 1.0], [0.04, 1.0], [0.044999, 28.6], [0.045, 1.0], [0.05, 17.5], [0.055, 1.0], [0.059183, 16.6], [0.06, 1.0]], 'timestamp': 1711986670596, 'datetime': '2024-04-01T15:51:10.596Z', 'nonce': None}, 'SATT/BTC': {'symbol': 'SATT/BTC', 'bids': [[2.35e-09, 241650.0], [2.34e-09, 22040.0], [2.33e-09, 40.0], [2.1e-09, 50.0], [2.03e-09, 20.0], [2e-09, 97000.0], [1.78e-09, 600.0], [1.61e-09, 247470.0], [1.6e-09, 120000.0], [1.58e-09, 46390.0]], 'asks': [[2.86e-09, 630.0], [2.87e-09, 10.0], [2.98e-09, 10.0], [2.99e-09, 10.0], [3.2e-09, 10.0], [3.24e-09, 190.0], [3.37e-09, 270.0], [3.38e-09, 50.0], [3.39e-09, 20.0], [3.48e-09, 10.0]], 'timestamp': 1711986967794, 'datetime': '2024-04-01T15:56:07.794Z', 'nonce': None}, 'BCUG/ETH': {'symbol': 'BCUG/ETH', 'bids': [[1.001e-05, 10.0], [1e-05, 10.0], [3.02e-06, 33.11], [3e-06, 4000.0], [1.01e-06, 99.0], [1e-06, 100.0], [1.1e-07, 454.54], [1e-07, 1000.0], [3e-08, 1666.66], [2e-08, 54983.0]], 'asks': [[2.399e-05, 55.3], [2.4e-05, 0.01], [2.5e-05, 0.01], [2.6e-05, 0.01], [2.7e-05, 0.01], [2.8e-05, 0.01], [2.9e-05, 0.01], [3e-05, 0.01], [3.1e-05, 0.01], [3.2e-05, 0.01]], 'timestamp': 1711986991331, 'datetime': '2024-04-01T15:56:31.331Z', 'nonce': None}, 'APE/USDC': {'symbol': 'APE/USDC', 'bids': [[1.8549, 7.38], [1.8539, 332.61], [1.8536, 406.1], [1.8521, 10.09], [1.8515, 1370.31], [1.8507, 5202.34], [1.8485, 7367.17], [1.8474, 3528.88], [1.8448, 36000.86], [1.8395, 36325.43]], 'asks': [[1.8566, 56.56], [1.8581, 7.61], [1.8591, 419.23], [1.8609, 9.63], [1.8613, 5314.95], [1.8632, 7806.05], [1.8634, 3276.13], [1.866, 3436.36], [1.8669, 3452.63], [1.8683, 14.74]], 'timestamp': 1711986991417, 'datetime': '2024-04-01T15:56:31.417Z', 'nonce': None}, 'COTI/USDC': {'symbol': 'COTI/USDC', 'bids': [[0.05222, 363.0], [0.05221, 206.0], [0.00104, 70.0], [7e-05, 1168.0], [6e-05, 10000.0], [5e-05, 20005.0], [4e-05, 26364.0], [3e-05, 35000.0], [2e-05, 5.0], [1e-05, 200005.0]], 'asks': [[0.29396, 2.0], [0.29591, 339.0], [0.29592, 206.0]], 'timestamp': 1711986991179, 'datetime': '2024-04-01T15:56:31.179Z', 'nonce': None}, 'ENS/USDC': {'symbol': 'ENS/USDC', 'bids': [[0.003, 500.0], [0.002, 500.0], [0.001, 1200.0]], 'asks': [], 'timestamp': 1711530001694, 'datetime': '2024-03-27T09:00:01.694Z', 'nonce': None}, 'AVA/ETH': {'symbol': 'AVA/ETH', 'bids': [[0.000223488, 906.0], [0.000223487, 126.0], [0.000223168, 137.0], [0.000222939, 140.0], [0.000222919, 140.0], [0.000222837, 136.0], [0.000222824, 133.0], [0.000222539, 131.0], [0.000222378, 133.0], [0.000222068, 121.0]], 'asks': [[0.000243302, 12.0], [0.000243537, 507.0], [0.000243538, 77.0], [0.000243985, 80.0], [0.000245265, 89.0], [0.000245487, 90.0], [0.000246103, 92.0], [0.000247041, 108.0], [0.000247255, 101.0], [0.000247311, 63.0]], 'timestamp': 1711986965323, 'datetime': '2024-04-01T15:56:05.323Z', 'nonce': None}, 'ANKR/BTC': {'symbol': 'ANKR/BTC', 'bids': [[9.1991e-07, 1990.0], [9.199e-07, 333.0], [9.1943e-07, 14554.0], [9.1915e-07, 62437.0], [9.1887e-07, 155756.0], [9.1849e-07, 437.0], [8.5102e-07, 116.0], [8.4296e-07, 118.0], [8.4172e-07, 10589.0], [8.4171e-07, 10853.0]], 'asks': [[9.301e-07, 344.0], [9.3056e-07, 14353.0], [9.3084e-07, 62936.0], [9.3112e-07, 154701.0], [9.314e-07, 220903.0], [9.3149e-07, 431.0], [9.3164e-07, 11834.0], [9.33e-07, 143852.0], [9.3341e-07, 306450.0], [9.3393e-07, 228758.0]], 'timestamp': 1711986991304, 'datetime': '2024-04-01T15:56:31.304Z', 'nonce': None}, 'SRM/USDT': {'symbol': 'SRM/USDT', 'bids': [[0.06402, 609.18], [0.06401, 146.79], [0.06179, 7443.49], [0.05949, 838.43], [0.05856, 2.0], [0.05836, 2.0], [0.05736, 3.0], [0.05732, 2.0], [0.05636, 3.0], [0.05436, 3.0]], 'asks': [[0.08098, 0.71], [0.08099, 7.27], [0.081, 216.7], [0.0948, 3.2], [0.1015, 36.41], [0.14899, 2541.36], [0.149, 5661.97], [0.15689, 15.16], [0.17293, 0.4], [0.25252, 1.81]], 'timestamp': 1711986981843, 'datetime': '2024-04-01T15:56:21.843Z', 'nonce': None}, 'MAHA/ETH': {'symbol': 'MAHA/ETH', 'bids': [[1e-05, 5.08], [1e-06, 72.92]], 'asks': [[0.0008, 0.21], [0.0009, 16.27], [0.001, 353.1], [0.0011, 1191.73], [0.0012, 9.45], [0.0013, 527.56], [0.0015, 857.21], [0.0016, 1620.78], [0.0017, 4.82], [0.0018, 80.07]], 'timestamp': 1711836122632, 'datetime': '2024-03-30T22:02:02.632Z', 'nonce': None}, 'XLM/USDT:USDT': {'symbol': 'XLM/USDT:USDT', 'bids': [[0.13319, 3000.0], [0.13318, 7055.0], [0.13317, 2097.0], [0.13316, 15898.0], [0.13315, 598.0], [0.13314, 4390.0], [0.13313, 807.0], [0.13312, 15200.0], [0.13311, 15767.0], [0.1331, 15111.0]], 'asks': [[0.1332, 15197.0], [0.13321, 12826.0], [0.13322, 21544.0], [0.13323, 19582.0], [0.13324, 19582.0], [0.13325, 45554.0], [0.13326, 13112.0], [0.13327, 13112.0], [0.13328, 111591.0], [0.13329, 29807.0]], 'timestamp': 1711986991617, 'datetime': '2024-04-01T15:56:31.617Z', 'nonce': None}, 'MKR/BTC': {'symbol': 'MKR/BTC', 'bids': [[0.05372, 0.0044], [0.05371, 0.2037], [0.05366, 0.7894], [0.05362, 0.1883], [0.05361, 0.1968], [0.05357, 2.7485], [0.05355, 0.0058], [0.05352, 1.9664], [0.05351, 3.5219], [0.05344, 9.4871]], 'asks': [[0.05389, 0.2], [0.05395, 2.3212], [0.054, 4.1203], [0.05409, 11.4255], [0.05415, 0.31], [0.05416, 11.6091], [0.05418, 12.0213], [0.05425, 12.6856], [0.05431, 11.317], [0.0544, 12.3724]], 'timestamp': 1711986991292, 'datetime': '2024-04-01T15:56:31.292Z', 'nonce': None}, 'HEDG/USDT': {'symbol': 'HEDG/USDT', 'bids': [[0.02194, 428.27], [0.02193, 109.99], [0.0201, 24.87], [0.01612, 918.7], [0.01604, 6.22], [0.01, 110.0], [0.008, 125.0], [0.00702, 142.45], [0.004, 250.0], [0.0025, 400.0]], 'asks': [[0.02999, 6.35], [0.03, 3.85], [0.035, 1.0], [0.04, 1.0], [0.04498, 73.76], [0.045, 1.0], [0.04999, 100.0], [0.05, 1.0], [0.05499, 327.0], [0.055, 1.0]], 'timestamp': 1711986020318, 'datetime': '2024-04-01T15:40:20.318Z', 'nonce': None}, 'EVER/BTC': {'symbol': 'EVER/BTC', 'bids': [[6.03e-07, 0.2], [6.02e-07, 0.5], [6e-07, 490.0], [5.99e-07, 1.0], [5.98e-07, 1.0], [5.97e-07, 1.0], [5.96e-07, 1.0], [5.95e-07, 1.0], [5.94e-07, 1.0], [5.93e-07, 1.0]], 'asks': [[8.68e-07, 3773.9], [8.69e-07, 610.3], [8.99e-07, 75.2], [9e-07, 191.1], [1.073e-06, 0.7], [1.212e-06, 2.0], [1.436e-06, 2.0], [1.503e-06, 1.0], [1.746e-06, 2.0], [1.999e-06, 360.0]], 'timestamp': 1711986979068, 'datetime': '2024-04-01T15:56:19.068Z', 'nonce': None}, 'MIR/USDT': {'symbol': 'MIR/USDT', 'bids': [[0.07496, 67.13], [0.07312, 68.82], [0.07133, 51.55], [0.06958, 72.33], [0.06788, 74.14], [0.06622, 76.0], [0.0646, 77.9], [0.06302, 79.85], [0.06148, 81.85], [0.05997, 83.92]], 'asks': [[0.0789, 161.48], [0.07891, 65.49], [0.08089, 63.89], [0.08293, 62.32], [0.08501, 60.79], [0.08715, 59.3], [0.08933, 57.85], [0.09, 10.0], [0.09157, 56.43], [0.09387, 55.05]], 'timestamp': 1711986976921, 'datetime': '2024-04-01T15:56:16.921Z', 'nonce': None}, 'ENS/USDT': {'symbol': 'ENS/USDT', 'bids': [[20.1651, 5.498], [18.4765, 9.034], [18.4764, 5146.927], [18.3363, 3689.763], [18.3293, 1592.411], [18.2819, 1494.877], [18.1981, 784.675], [18.1894, 35.829], [18.172, 2322.122], [18.0225, 455.842]], 'asks': [[20.5271, 0.691], [20.5321, 0.689], [20.5381, 30.778], [20.5424, 29.77], [20.5486, 119.184], [20.5518, 120.899], [20.5579, 0.859], [20.561, 322.203], [20.5621, 311.766], [20.5629, 0.849]], 'timestamp': 1711986991467, 'datetime': '2024-04-01T15:56:31.467Z', 'nonce': None}, 'KAMPAY/BTC': {'symbol': 'KAMPAY/BTC', 'bids': [[5e-10, 10090.0]], 'asks': [[1.0228e-06, 40.0], [1.023e-06, 5020.0], [6.024e-06, 10.0], [9.025e-06, 10.0], [2.0026e-05, 10.0], [5.0028e-05, 10.0], [9.003e-05, 10.0], [0.000200035, 10.0], [0.000500352, 10.0], [0.000900355, 10.0]], 'timestamp': 1711984149994, 'datetime': '2024-04-01T15:09:09.994Z', 'nonce': None}, 'RNDR/BTC': {'symbol': 'RNDR/BTC', 'bids': [[0.000145485, 1.27], [0.000145481, 76.9], [0.00014547, 58.1], [0.000145447, 228.27], [0.000145394, 880.65], [0.000145338, 1362.34], [0.000145325, 1.67], [0.000145275, 598.95], [0.000145272, 2944.32], [0.000145249, 865.64]], 'asks': [[0.000145715, 1.27], [0.00014579, 61.9], [0.000145807, 68.03], [0.000145837, 239.24], [0.000145875, 1.69], [0.000145877, 569.24], [0.000145898, 1003.32], [0.000145948, 1543.74], [0.000145951, 916.19], [0.000146057, 1191.41]], 'timestamp': 1711986991209, 'datetime': '2024-04-01T15:56:31.209Z', 'nonce': None}, 'GTC/BTC': {'symbol': 'GTC/BTC', 'bids': [], 'asks': [[3.75e-05, 0.016], [4.204e-05, 0.329], [0.00015814, 1.581], [0.00023672, 4.077], [0.00035278, 1.293], [0.00043412, 1.343], [0.00043997, 0.622], [0.99999999, 1.321], [1.0, 0.001], [1000000000.0, 0.001]], 'timestamp': 1711979800126, 'datetime': '2024-04-01T13:56:40.126Z', 'nonce': None}, 'KSM/BTC': {'symbol': 'KSM/BTC', 'bids': [[0.0006609, 0.3136], [0.0006596, 14.3196], [0.0006592, 55.9117], [0.0006589, 0.4155], [0.0006379, 15.1132], [0.0006377, 0.1568], [0.0006254, 9.9465], [0.0006253, 2.1148], [0.0006213, 0.0063], [0.00061, 0.0001]], 'asks': [[0.0006631, 0.3325], [0.0006634, 13.9552], [0.0006641, 0.4032], [0.0006645, 14.356], [0.0006653, 203.9985], [0.0006661, 55.4789], [0.0006664, 326.0069], [0.0006675, 520.4245], [0.0006687, 576.0545], [0.00067, 745.1596]], 'timestamp': 1711986991586, 'datetime': '2024-04-01T15:56:31.586Z', 'nonce': None}, 'GHST/BTC': {'symbol': 'GHST/BTC', 'bids': [[1.5048e-05, 56.09], [1.5047e-05, 286.37], [1.5001e-05, 0.01], [1.4001e-05, 0.01], [1.3001e-05, 0.01], [1.2186e-05, 77.68], [1.2156e-05, 48.07], [1.2001e-05, 0.02], [1.1001e-05, 0.01], [1.0697e-05, 0.01]], 'asks': [[2.6e-05, 0.01], [2.7e-05, 0.01], [2.8e-05, 0.01], [2.9e-05, 0.01], [2.99e-05, 0.01], [2.999e-05, 0.01], [2.9998e-05, 0.01], [2.9999e-05, 0.01], [3e-05, 0.01], [3.345e-05, 0.01]], 'timestamp': 1711986991590, 'datetime': '2024-04-01T15:56:31.590Z', 'nonce': None}, 'ZEC/USDT': {'symbol': 'ZEC/USDT', 'bids': [[28.3285, 0.693], [28.3271, 0.472], [28.3185, 0.693], [28.2695, 22.231], [28.2441, 27.132], [28.242, 0.596], [28.2378, 88.098], [28.2226, 229.872], [28.2101, 326.962], [28.1951, 416.356]], 'asks': [[28.3429, 0.479], [28.3761, 0.693], [28.3923, 99.583], [28.4032, 159.254], [28.4047, 21.665], [28.4084, 91.934], [28.415, 226.695], [28.4154, 224.112], [28.4245, 251.972], [28.4279, 0.625]], 'timestamp': 1711986991441, 'datetime': '2024-04-01T15:56:31.441Z', 'nonce': None}, 'FTM/BTC': {'symbol': 'FTM/BTC', 'bids': [[1.34086e-05, 12.0], [1.34073e-05, 526.0], [1.34036e-05, 2148.0], [1.33989e-05, 15.0], [1.33959e-05, 5741.0], [1.33904e-05, 8201.0], [1.33776e-05, 752.0], [1.30538e-05, 43.0], [1.3e-05, 2.0], [1.28074e-05, 103.0]], 'asks': [[1.34314e-05, 12.0], [1.34327e-05, 560.0], [1.34334e-05, 2244.0], [1.34417e-05, 5543.0], [1.34418e-05, 827.0], [1.34462e-05, 10062.0], [1.34529e-05, 15860.0], [1.34532e-05, 8180.0], [1.34645e-05, 10714.0], [1.34647e-05, 62548.0]], 'timestamp': 1711986991585, 'datetime': '2024-04-01T15:56:31.585Z', 'nonce': None}, 'IDEX/USDT': {'symbol': 'IDEX/USDT', 'bids': [[0.08104, 1.3], [0.06, 1.0], [0.056, 1.9], [0.055, 1.9], [0.053, 1.9], [0.052, 1.9], [0.051, 1.9], [0.05, 6.0], [0.04946, 4.6], [0.04846, 4.6]], 'asks': [[0.088194, 50462.2], [0.088366, 85405.7], [0.088473, 102646.0], [0.088707, 117400.0], [0.088942, 169118.5], [0.089375, 199338.6], [0.108389, 1100.0], [0.110456, 0.1], [0.12, 1.0], [0.120446, 0.1]], 'timestamp': 1711986991225, 'datetime': '2024-04-01T15:56:31.225Z', 'nonce': None}, 'LUNA/USDT:USDT': {'symbol': 'LUNA/USDT:USDT', 'bids': [], 'asks': [], 'timestamp': 1711851976302, 'datetime': '2024-03-31T02:26:16.302Z', 'nonce': None}, 'JULD/BTC': {'symbol': 'JULD/BTC', 'bids': [[3.01e-08, 5467.4], [3e-08, 9800.0], [2.01e-08, 17110.4], [2e-08, 9800.0], [1.01e-08, 27000.0], [1e-08, 100.0], [3.5e-09, 79000.0], [3.1e-09, 1623.1], [1.7e-09, 2941.1], [1.6e-09, 312500.0]], 'asks': [[7.34e-08, 8466.9], [7.77e-08, 980.0], [9.39e-08, 1909.0], [1.1e-07, 0.1], [1.2e-07, 0.1], [1.3e-07, 0.1], [1.4e-07, 0.1], [1.498e-07, 31.2], [1.5e-07, 0.1], [1.6e-07, 0.1]], 'timestamp': 1711986989849, 'datetime': '2024-04-01T15:56:29.849Z', 'nonce': None}, 'GALA/USDT': {'symbol': 'GALA/USDT', 'bids': [[0.062253, 266.8], [0.062247, 11274.9], [0.062246, 250.7], [0.062238, 11625.6], [0.062237, 44927.0], [0.062226, 47429.4], [0.062212, 121529.9], [0.062185, 339.1], [0.062178, 324.0], [0.062157, 178052.0]], 'asks': [[0.062274, 260.3], [0.062277, 253.9], [0.062282, 11969.6], [0.062283, 11143.8], [0.062286, 44898.2], [0.062301, 46711.7], [0.062302, 121082.5], [0.062306, 113332.1], [0.062312, 171092.7], [0.062319, 180806.7]], 'timestamp': 1711986991612, 'datetime': '2024-04-01T15:56:31.612Z', 'nonce': None}, 'AVA/USDT': {'symbol': 'AVA/USDT', 'bids': [[0.8211178, 17.0], [0.820613, 755.0], [0.8198859, 21.0], [0.8185267, 3208.0], [0.8158434, 7463.0], [0.8112835, 11239.0], [0.7891996, 144.0], [0.7870771, 120.0], [0.7814669, 140.0], [0.7790499, 107.0]], 'asks': [[0.8216822, 17.0], [0.8227014, 771.0], [0.8229146, 20.0], [0.8236318, 3001.0], [0.8309949, 141.0], [0.830995, 7440.0], [0.8331173, 863.0], [0.8353538, 11901.0], [0.839206, 14899.0], [0.8402652, 11707.0]], 'timestamp': 1711986991383, 'datetime': '2024-04-01T15:56:31.383Z', 'nonce': None}, 'CPRX/BTC': {'symbol': 'CPRX/BTC', 'bids': [[3e-10, 1.0], [2e-10, 151010.0], [1e-10, 101010.0]], 'asks': [[0.0009999989, 1.0], [0.000999999, 121.0], [0.001, 21.0], [0.011, 50.0], [9.001, 3.0]], 'timestamp': 1711530001694, 'datetime': '2024-03-27T09:00:01.694Z', 'nonce': None}, 'TRIGX/BTC': {'symbol': 'TRIGX/BTC', 'bids': [[1e-08, 10.0], [9e-09, 100244.0], [8e-09, 366152.7], [7e-09, 171268.7], [6e-09, 20686.6], [5e-09, 34000.0], [4e-09, 42260.0], [3e-09, 47333.3], [2e-09, 66500.0], [1e-09, 114000.0]], 'asks': [[1.1e-08, 9978.7], [1.2e-08, 198031.7], [1.3e-08, 80000.0], [1.4e-08, 40869.8], [1.5e-08, 27812.6], [1.6e-08, 18000.0], [1.9e-08, 29800.0], [2e-08, 21.5], [2.2e-08, 1290.0], [2.4e-08, 6187.3]], 'timestamp': 1711979889907, 'datetime': '2024-04-01T13:58:09.907Z', 'nonce': None}, 'APE/ETH': {'symbol': 'APE/ETH', 'bids': [[0.000533, 4815.291], [0.000532, 7781.509], [0.000531, 5093.607], [0.00053, 10258.05], [0.000529, 9586.465], [0.000502, 3.984], [0.000402, 4.975], [0.000314, 60.318], [0.000313, 6.389], [0.000273, 7.326]], 'asks': [[0.000539, 376.716], [0.00054, 4495.863], [0.000541, 8062.314], [0.000542, 9473.225], [0.000543, 6746.153], [0.006162, 0.003], [0.006192, 0.006], [0.006202, 0.002], [0.006294, 0.001], [0.006304, 0.003]], 'timestamp': 1711986990437, 'datetime': '2024-04-01T15:56:30.437Z', 'nonce': None}, 'NEO/BTC': {'symbol': 'NEO/BTC', 'bids': [[0.0002237, 0.06], [0.0002236, 0.96], [0.0002235, 46.53], [0.0002234, 90.64], [0.0002233, 168.65], [0.0002232, 1.24], [0.0002231, 441.17], [0.000223, 680.32], [0.0002226, 596.72], [0.0002224, 869.92]], 'asks': [[0.0002241, 46.08], [0.0002243, 45.97], [0.0002244, 781.79], [0.0002245, 1029.75], [0.0002247, 877.71], [0.0002249, 4179.87], [0.000225, 643.89], [0.0002251, 3762.06], [0.0002253, 839.85], [0.0002254, 4278.78]], 'timestamp': 1711986991144, 'datetime': '2024-04-01T15:56:31.144Z', 'nonce': None}, 'INJ/BTC': {'symbol': 'INJ/BTC', 'bids': [[0.00049067, 0.01], [0.0004892, 0.01], [0.00048774, 0.01], [0.00048628, 0.01], [0.00048483, 0.01], [0.00048339, 0.01], [0.00048194, 0.01], [0.0004805, 0.01], [0.00047907, 0.01], [0.00047764, 0.01]], 'asks': [[0.00049837, 20.04], [0.00049875, 0.4], [0.00049881, 17.4], [0.00049895, 268.99], [0.00049911, 70.43], [0.00049929, 413.13], [0.0004993, 0.52], [0.00049968, 182.84], [0.00050001, 272.25], [0.00050064, 1969.94]], 'timestamp': 1711986991368, 'datetime': '2024-04-01T15:56:31.368Z', 'nonce': None}, 'INSUR/BTC': {'symbol': 'INSUR/BTC', 'bids': [[4.2e-08, 10815.64], [3.2e-08, 34.37], [1.3e-08, 230.76], [1.2e-08, 0.02], [1e-08, 0.05], [3e-09, 119565.21], [2e-09, 25000.05], [1e-09, 0.05]], 'asks': [[1.699e-06, 4.2], [1.7e-06, 53.02], [1.9e-06, 1.16], [1.99e-06, 0.01], [1.998e-06, 60.09], [3.911e-06, 407.5], [3.912e-06, 39.39], [5e-06, 0.01], [9.99e-06, 296.15], [1e-05, 0.01]], 'timestamp': 1711986424886, 'datetime': '2024-04-01T15:47:04.886Z', 'nonce': None}, 'WIN/USDT': {'symbol': 'WIN/USDT', 'bids': [[0.000157884, 97400.0], [0.000157805, 4146400.0], [0.000157768, 17828000.0], [0.000157647, 124500.0], [0.00015761, 41951000.0], [0.000157019, 4032500.0], [0.000157018, 65433600.0], [0.000156244, 87505900.0], [0.000155324, 113592500.0], [0.000130215, 3900.0]], 'asks': [[0.000158016, 94700.0], [0.000158095, 4376300.0], [0.000158157, 17371000.0], [0.000158253, 119600.0], [0.000158522, 44801000.0], [0.000159787, 61760000.0], [0.000160816, 82305400.0], [0.000162647, 113324200.0], [0.000162964, 157411300.0], [0.00019532, 65500.0]], 'timestamp': 1711986991224, 'datetime': '2024-04-01T15:56:31.224Z', 'nonce': None}, 'GALA/USDC': {'symbol': 'GALA/USDC', 'bids': [[0.062226, 261.0], [0.062178, 12040.0], [0.062157, 10564.0], [0.062133, 337.0], [0.062103, 159260.0], [0.062094, 45871.0], [0.06202, 214709.0], [0.061856, 1082372.0], [0.061692, 1194638.0], [0.061611, 1159696.0]], 'asks': [[0.062294, 247.0], [0.062325, 11945.0], [0.062373, 148874.0], [0.062387, 330.0], [0.062436, 213195.0], [0.062471, 675790.0], [0.06253, 599489.0], [0.062607, 301.0], [0.062608, 642607.0], [0.062771, 665534.0]], 'timestamp': 1711986991302, 'datetime': '2024-04-01T15:56:31.302Z', 'nonce': None}, 'STAK/USDT': {'symbol': 'STAK/USDT', 'bids': [[1.53e-05, 122166.0], [1.52e-05, 120.0], [1.51e-05, 130.0], [1.5e-05, 6820.0], [1.41e-05, 150.0], [1.4e-05, 1163.0], [1.21e-05, 270.0], [1.2e-05, 1000.0], [1.07e-05, 306.0], [1.02e-05, 437.0]], 'asks': [[1.69e-05, 1772727.0], [1.7e-05, 1215669.0], [1.72e-05, 230629.0], [1.73e-05, 17.0], [1.74e-05, 7.0], [1.75e-05, 8.0], [1.76e-05, 10.0], [1.77e-05, 9.0], [1.78e-05, 11.0], [1.79e-05, 9.0]], 'timestamp': 1711986991443, 'datetime': '2024-04-01T15:56:31.443Z', 'nonce': None}, 'QNT/USDT': {'symbol': 'QNT/USDT', 'bids': [[125.301, 4.1773], [125.281, 25.3647], [125.202, 42.7045], [125.035, 5.1563], [125.032, 53.7288], [124.928, 0.141], [124.866, 20.3554], [121.715, 5.2703], [121.25, 75.0335], [119.511, 0.954]], 'asks': [[125.56, 3.817], [125.592, 28.891], [125.664, 42.2902], [125.686, 58.2769], [125.78, 65.8289], [125.806, 80.8721], [125.904, 112.7106], [125.913, 0.1094], [125.925, 5.1635], [125.932, 20.8541]], 'timestamp': 1711986991401, 'datetime': '2024-04-01T15:56:31.401Z', 'nonce': None}, 'TBC/USDT': {'symbol': 'TBC/USDT', 'bids': [[0.0023002, 3717.0], [0.0023001, 232.0], [0.002, 12493.0], [0.00031, 1005.0], [0.0003, 70.0], [0.00027, 50.0], [0.0002399, 18.0], [0.0002101, 15.0], [0.00021, 1005.0], [0.0001771, 50.0]], 'asks': [[0.0037999, 345.0], [0.0038, 69.0], [0.004, 1.0], [0.0045, 10.0], [0.005, 11.0], [0.0055, 10.0], [0.006, 11.0], [0.0065, 10.0], [0.007, 11.0], [0.0071, 245.0]], 'timestamp': 1711980088243, 'datetime': '2024-04-01T14:01:28.243Z', 'nonce': None}, 'ATOM/ETH': {'symbol': 'ATOM/ETH', 'bids': [[0.0033258, 0.08], [0.003325, 56.21], [0.0033218, 733.18], [0.0033165, 1248.41], [0.0033127, 3211.92], [0.003311, 3408.72], [0.0033048, 3692.84], [0.0033012, 3673.69], [0.0033009, 3372.68], [0.0032992, 3.18]], 'asks': [[0.0033342, 56.27], [0.0033392, 860.72], [0.0033417, 1331.22], [0.0033472, 3034.4], [0.0033485, 3566.45], [0.0033491, 60.38], [0.0033528, 3013.06], [0.0033592, 3561.9], [0.0033601, 3535.42], [0.0033611, 3262.03]], 'timestamp': 1711986987207, 'datetime': '2024-04-01T15:56:27.207Z', 'nonce': None}, 'BCUG/BTC': {'symbol': 'BCUG/BTC', 'bids': [[5.05e-07, 200.0], [4.65e-07, 1.0], [4.56e-07, 0.01], [2.01e-07, 99.5], [1.01e-07, 198.01], [1e-07, 10.0], [2.8e-08, 1849.54], [2.7e-08, 740.74], [1.8e-08, 1111.11], [1.5e-08, 1333.33]], 'asks': [[7.46e-07, 0.01], [7.58e-07, 0.01], [7.67e-07, 0.01], [7.75e-07, 0.01], [7.89e-07, 0.01], [7.96e-07, 0.02], [8.07e-07, 0.01], [8.11e-07, 0.02], [8.18e-07, 0.04], [8.29e-07, 0.04]], 'timestamp': 1711983994595, 'datetime': '2024-04-01T15:06:34.595Z', 'nonce': None}, 'CSOV/USDT': {'symbol': 'CSOV/USDT', 'bids': [[0.0054084, 139.0], [0.0053689, 2409.0], [0.0053688, 278.0], [0.00533, 40338.0], [0.0053105, 417.0], [0.0052355, 556.0], [0.0052203, 1271.0], [0.0051712, 1532.0], [0.0051449, 694.0], [0.0051184, 1953.0]], 'asks': [[0.0054563, 151.0], [0.0054595, 43.0], [0.0055074, 139.0], [0.005547, 278.0], [0.0055857, 168.0], [0.0056053, 417.0], [0.0056692, 640.0], [0.0056803, 556.0], [0.0057709, 694.0], [0.0058423, 161.0]], 'timestamp': 1711986889406, 'datetime': '2024-04-01T15:54:49.406Z', 'nonce': None}, 'AUCTION/BTC': {'symbol': 'AUCTION/BTC', 'bids': [[0.00027222, 0.991], [0.00027221, 1.193], [0.00026017, 0.001], [0.00014322, 9.031], [0.00014321, 1.09], [0.00012, 0.001], [0.00011007, 1.997], [0.00011005, 5.458], [0.0001, 0.555], [7e-05, 0.822]], 'asks': [[0.00036427, 0.025], [0.00036703, 5.437], [0.00036754, 30.163], [0.00036866, 353.237], [0.00037084, 552.876], [0.00037207, 897.426], [0.00037273, 895.582], [0.00037304, 1029.387], [0.00037492, 965.128], [0.00062365, 5.458]], 'timestamp': 1711986991387, 'datetime': '2024-04-01T15:56:31.387Z', 'nonce': None}, 'SOL/USDC': {'symbol': 'SOL/USDC', 'bids': [[187.58, 0.076], [187.486, 3.615], [187.424, 14.696], [187.299, 0.102], [187.261, 3.828], [187.255, 36.098], [187.169, 54.819], [187.096, 49.565], [187.036, 67.479], [186.952, 70.872]], 'asks': [[187.63, 0.075], [187.773, 3.418], [187.921, 0.101], [187.938, 50.252], [187.995, 76.947], [188.153, 307.539], [188.394, 309.453], [189.031, 0.469], [189.032, 301.259], [189.926, 319.366]], 'timestamp': 1711986991605, 'datetime': '2024-04-01T15:56:31.605Z', 'nonce': None}, 'BTC/TUSD': {'symbol': 'BTC/TUSD', 'bids': [[68461.77, 0.00022], [68414.01, 0.00976], [68359.07, 0.00029], [68327.53, 0.04125], [68289.13, 0.10495], [68237.63, 0.14838], [68190.24, 0.18926], [68122.05, 0.26712], [67983.79, 0.36238], [67907.02, 0.4886]], 'asks': [[68484.83, 0.00022], [68531.49, 0.00962], [68579.77, 0.00027], [71934.1, 0.00311], [71934.11, 0.99691], [72651.13, 1.20416], [72695.17, 0.96437], [73127.69, 0.32269], [73266.65, 0.27935], [73401.08, 0.42573]], 'timestamp': 1711986991283, 'datetime': '2024-04-01T15:56:31.283Z', 'nonce': None}, 'FIL/USDT': {'symbol': 'FIL/USDT', 'bids': [[9.1465, 1.587], [9.1449, 11.062], [9.144, 1.584], [9.1425, 72.776], [9.1409, 299.185], [9.1373, 737.457], [9.1362, 1433.5], [9.1345, 1078.736], [9.134, 2.084], [9.1301, 1842.546]], 'asks': [[9.1476, 1.672], [9.1479, 70.061], [9.1485, 1.633], [9.1489, 11.062], [9.149, 296.689], [9.1541, 736.13], [9.1553, 1117.074], [9.157, 2.02], [9.1586, 1461.64], [9.1596, 570.627]], 'timestamp': 1711986991540, 'datetime': '2024-04-01T15:56:31.540Z', 'nonce': None}, 'FTM/USDT:USDT': {'symbol': 'FTM/USDT:USDT', 'bids': [[0.91822, 775.4], [0.91814, 5883.9], [0.91807, 1628.8], [0.91789, 18282.8], [0.91788, 4178.3], [0.91784, 58341.3], [0.91777, 874.6], [0.91761, 28062.7], [0.91754, 1505.0], [0.91694, 33461.4]], 'asks': [[0.91892, 849.3], [0.91914, 1667.5], [0.91935, 4436.2], [0.91944, 782.1], [0.91953, 1665.2], [0.91955, 5470.7], [0.91959, 6298.0], [0.9196, 3957.8], [0.91983, 6210.2], [0.91985, 8216.4]], 'timestamp': 1711986991542, 'datetime': '2024-04-01T15:56:31.542Z', 'nonce': None}, 'GMT Token/USDC': {'symbol': 'GMT Token/USDC', 'bids': [[0.33269, 2184.8], [0.3325, 25080.0], [0.332, 43625.3], [0.33135, 115386.0], [0.33045, 99.7], [0.32605, 112282.7], [0.32254, 109919.3], [0.32035, 115948.6], [0.31886, 114527.9], [0.31712, 113641.6]], 'asks': [[0.33485, 2040.4], [0.33525, 25854.5], [0.33546, 38612.7], [0.3361, 119510.4], [0.33625, 132152.2], [0.33701, 128086.0], [0.3388, 124951.4], [0.34161, 124855.1], [0.34522, 130889.8], [180.0, 10.3]], 'timestamp': 1711986991437, 'datetime': '2024-04-01T15:56:31.437Z', 'nonce': None}, 'OP/BTC': {'symbol': 'OP/BTC', 'bids': [[5.03e-05, 8.8], [5e-05, 2919.47], [4.99e-05, 4551.5], [4.98e-05, 2186.39], [4.97e-05, 2151.31], [4.95e-05, 0.01], [4.93e-05, 0.01], [4.9e-05, 0.01], [4.86e-05, 0.01], [4.85e-05, 0.01]], 'asks': [[5.05e-05, 5701.77], [5.06e-05, 10207.21], [5.07e-05, 6749.14], [5.08e-05, 1367.78], [5.09e-05, 7613.67], [5.17e-05, 8668.02], [5.23e-05, 0.01], [5.37e-05, 0.02], [5.5e-05, 0.01], [5.51e-05, 0.03]], 'timestamp': 1711986991225, 'datetime': '2024-04-01T15:56:31.225Z', 'nonce': None}, 'ERG/BTC': {'symbol': 'ERG/BTC', 'bids': [[2.793e-05, 1.43], [2.749e-05, 0.78], [2.747e-05, 0.03], [2.702e-05, 9.8], [2.693e-05, 0.36], [2.692e-05, 0.2], [2.671e-05, 1.04], [2.66e-05, 0.2], [2.659e-05, 4.88], [2.615e-05, 0.42]], 'asks': [[2.805e-05, 2.2], [2.806e-05, 4.54], [2.837e-05, 203.73], [2.838e-05, 13.33], [2.839e-05, 0.02], [2.849e-05, 9.32], [2.85e-05, 8.07], [2.851e-05, 3.83], [2.861e-05, 26.55], [2.885e-05, 0.13]], 'timestamp': 1711981074393, 'datetime': '2024-04-01T14:17:54.393Z', 'nonce': None}, 'SOL/USDT': {'symbol': 'SOL/USDT', 'bids': [[187.5912, 0.081], [187.5061, 3.625], [187.4937, 15.068], [187.478, 53.307], [187.4687, 37.457], [187.429, 35.941], [187.4263, 49.618], [187.4103, 69.016], [187.4026, 91.851], [187.4023, 3.543]], 'asks': [[187.6378, 0.084], [187.6598, 39.445], [187.696, 75.204], [187.7034, 53.562], [187.7197, 3.594], [187.7202, 83.893], [187.7266, 3.691], [187.73, 110.877], [187.7337, 144.317], [187.7342, 336.178]], 'timestamp': 1711986991602, 'datetime': '2024-04-01T15:56:31.602Z', 'nonce': None}, 'XVG/ETH': {'symbol': 'XVG/ETH', 'bids': [[2.2988e-06, 280.0], [2.277e-06, 280.0], [1.3394e-06, 470.0], [1.1e-06, 3680.0], [7.002e-07, 145120.0], [7.001e-07, 2850.0], [3.002e-07, 330.0], [3.001e-07, 6660.0], [2.903e-07, 6880.0], [2.1e-07, 20.0]], 'asks': [[2.6547e-06, 20.0], [2.6596e-06, 10.0], [2.6799e-06, 8310.0], [2.68e-06, 3500.0], [2.6801e-06, 20.0], [2.98e-06, 3200.0], [3.0751e-06, 1660.0], [3.164e-06, 50.0], [3.929e-06, 6370.0], [4.556e-06, 20.0]], 'timestamp': 1711986985243, 'datetime': '2024-04-01T15:56:25.243Z', 'nonce': None}, 'TEL/ETH': {'symbol': 'TEL/ETH', 'bids': [[2.041e-07, 28000.0], [2.04e-07, 400.0], [2.028e-07, 9000.0], [1.928e-07, 10000.0], [1.005e-07, 400.0], [1e-07, 1000.0], [5.26e-08, 1900.0], [5.25e-08, 1026700.0], [5.24e-08, 34500.0], [4.87e-08, 410600.0]], 'asks': [[1.7994e-06, 10000.0], [1.7998e-06, 100.0], [1.8e-06, 600.0], [1.9998e-06, 20500.0], [1.9999e-06, 67400.0], [2e-06, 100.0], [2.7795e-06, 100.0], [2.7797e-06, 4000.0], [5.0215e-06, 100.0], [5.0216e-06, 100.0]], 'timestamp': 1711985118969, 'datetime': '2024-04-01T15:25:18.969Z', 'nonce': None}, 'FIL/USDC': {'symbol': 'FIL/USDC', 'bids': [[9.1455, 1.64], [9.1363, 71.78], [9.1332, 84.54], [9.1298, 2.02], [9.128, 288.83], [9.113, 1479.82], [9.111, 766.07], [9.1048, 1003.0], [9.1012, 4900.0], [9.0975, 1139.17]], 'asks': [[9.1535, 1.66], [9.1559, 75.47], [9.1646, 949.46], [9.1672, 2.05], [9.1763, 1574.69], [9.1863, 2.04], [9.1864, 3198.45], [9.1873, 3079.68], [9.1949, 2860.36], [9.2078, 2833.7]], 'timestamp': 1711986991597, 'datetime': '2024-04-01T15:56:31.597Z', 'nonce': None}, 'BCH/BTC': {'symbol': 'BCH/BTC', 'bids': [[0.009276, 0.0341], [0.009274, 1.5069], [0.009273, 0.0345], [0.009271, 1.5626], [0.009267, 12.5691], [0.009265, 0.0434], [0.009262, 0.0433], [0.009256, 15.9322], [0.009255, 16.9838], [0.009252, 22.6937]], 'asks': [[0.00928, 0.0364], [0.009282, 1.5402], [0.009284, 6.4279], [0.009286, 1.5139], [0.00929, 22.9476], [0.009295, 0.043], [0.009298, 1.0901], [0.009302, 30.2407], [0.009305, 20.1308], [0.00931, 109.9861]], 'timestamp': 1711986991588, 'datetime': '2024-04-01T15:56:31.588Z', 'nonce': None}, 'GMT Token/USDT': {'symbol': 'GMT Token/USDT', 'bids': [[0.33448, 48.13], [0.33446, 50.92], [0.33398, 65.95], [0.33318, 12200.33], [0.33301, 16460.96], [0.33286, 21468.48], [0.33269, 28203.32], [0.33266, 10597.57], [0.33244, 14979.06], [0.33233, 21071.9]], 'asks': [[0.33462, 51.11], [0.33464, 99.66], [0.33467, 11836.05], [0.33479, 22852.7], [0.33481, 2154.18], [0.33483, 16237.95], [0.33489, 2213.89], [0.33496, 44291.39], [0.335, 9350.24], [0.33507, 23848.19]], 'timestamp': 1711986991608, 'datetime': '2024-04-01T15:56:31.608Z', 'nonce': None}, 'XVS/USDT': {'symbol': 'XVS/USDT', 'bids': [[16.5837, 0.144], [16.4467, 1.994], [16.4466, 293.294], [16.4419, 7.875], [16.4286, 450.659], [16.3907, 531.924], [16.383, 665.782], [16.3771, 863.957], [16.3527, 1216.346], [16.3274, 1.652]], 'asks': [[18.7344, 0.047], [18.8285, 0.008], [19.6818, 0.048], [19.7453, 0.008], [19.9, 0.1], [20.6293, 0.048], [20.6622, 0.009], [20.9, 0.18], [21.0, 0.356], [21.5767, 0.048]], 'timestamp': 1711986991420, 'datetime': '2024-04-01T15:56:31.420Z', 'nonce': None}, 'SOL/BTC': {'symbol': 'SOL/BTC', 'bids': [[0.00274207, 0.191], [0.00274206, 0.079], [0.00274182, 0.083], [0.00274156, 0.191], [0.00274155, 3.709], [0.00274141, 15.291], [0.00274045, 38.319], [0.00273982, 54.307], [0.00273895, 3.675], [0.0027388, 0.1]], 'asks': [[0.00274228, 0.08], [0.00274264, 0.079], [0.00274275, 3.653], [0.00274311, 14.123], [0.00274356, 35.861], [0.00274404, 3.691], [0.00274459, 52.228], [0.0027451, 54.502], [0.00274531, 81.363], [0.0027455, 0.104]], 'timestamp': 1711986991612, 'datetime': '2024-04-01T15:56:31.612Z', 'nonce': None}, 'SHIB/BTC': {'symbol': 'SHIB/BTC', 'bids': [[4.1e-10, 962570000.0], [4e-10, 11769964000.0], [3.9e-10, 642342000.0], [3.8e-10, 132575000.0], [3.7e-10, 143136000.0], [3.6e-10, 139531000.0], [3.5e-10, 129441000.0], [3.4e-10, 327221000.0], [3.3e-10, 157614000.0], [3.2e-10, 357201000.0]], 'asks': [[4.2e-10, 9199348000.0], [4.3e-10, 10319851000.0], [4.4e-10, 851178000.0], [4.5e-10, 997376000.0], [4.6e-10, 300000.0], [4.7e-10, 3047000.0], [4.8e-10, 887000.0], [4.9e-10, 451000.0], [5e-10, 95716000.0], [5.1e-10, 9000000.0]], 'timestamp': 1711986991117, 'datetime': '2024-04-01T15:56:31.117Z', 'nonce': None}, 'SOL/USDT:USDT': {'symbol': 'SOL/USDT:USDT', 'bids': [[187.788, 111.0], [187.787, 28.0], [187.786, 21.0], [187.785, 3.0], [187.783, 4.0], [187.782, 19.0], [187.781, 5.0], [187.78, 1.0], [187.779, 2.0], [187.778, 16.0]], 'asks': [[187.793, 3.0], [187.794, 10.0], [187.797, 2.0], [187.798, 8.0], [187.799, 11.0], [187.8, 9.0], [187.801, 1.0], [187.802, 1.0], [187.803, 19.0], [187.804, 1.0]], 'timestamp': 1711986991559, 'datetime': '2024-04-01T15:56:31.559Z', 'nonce': None}, 'CRV/USDT': {'symbol': 'CRV/USDT', 'bids': [[0.643967, 22.2], [0.64387, 41.2], [0.641779, 5479.3], [0.641746, 27.4], [0.641687, 8646.7], [0.641309, 10171.1], [0.641027, 12945.0], [0.639813, 17316.0], [0.63965, 20269.5], [0.639415, 30490.1]], 'asks': [[0.644164, 41.2], [0.644165, 21.2], [0.644233, 22.0], [0.645395, 1108.8], [0.645902, 1010.6], [0.645952, 959.0], [0.646128, 3820.2], [0.646192, 3777.4], [0.646308, 4987.4], [0.646423, 9359.9]], 'timestamp': 1711986991520, 'datetime': '2024-04-01T15:56:31.520Z', 'nonce': None}, 'DOT/USDT': {'symbol': 'DOT/USDT', 'bids': [[9.01454, 1.61], [9.01409, 1.56], [9.01319, 72.82], [9.0126, 277.54], [9.0105, 71.81], [9.00926, 704.61], [9.00748, 1091.96], [9.00639, 1423.11], [9.00462, 1.91], [9.00418, 2.04]], 'asks': [[9.01513, 131.78], [9.01691, 1.54], [9.01781, 74.84], [9.01826, 284.77], [9.01846, 1.54], [9.01995, 68.68], [9.02008, 712.86], [9.02068, 84.85], [9.02075, 294.52], [9.02186, 1118.96]], 'timestamp': 1711986991595, 'datetime': '2024-04-01T15:56:31.595Z', 'nonce': None}, 'SNX/ETH': {'symbol': 'SNX/ETH', 'bids': [[0.0011678, 176.0], [0.0011677, 0.54], [0.0011567, 0.55], [0.0011431, 10.76], [0.001143, 174.67], [0.0011411, 2057.41], [0.0011405, 3232.39], [0.0011368, 8481.07], [0.0011343, 8601.61], [0.0011322, 9209.06]], 'asks': [[0.0012631, 173.63], [0.0012649, 2264.13], [0.0012667, 3417.95], [0.001268, 8985.33], [0.0012701, 10581.14], [0.0012725, 19933.5], [0.0012749, 9758.81], [0.0012989, 0.29], [0.0013113, 0.29], [0.0020911, 0.12]], 'timestamp': 1711986990507, 'datetime': '2024-04-01T15:56:30.507Z', 'nonce': None}, 'DGB/ETH': {'symbol': 'DGB/ETH', 'bids': [[4.404e-06, 4835.0], [4.403e-06, 16001.0], [4.391e-06, 1140.0], [4.279e-06, 39270.0], [4.032e-06, 498562.0], [3.995e-06, 814804.0], [3.959e-06, 1629872.0], [3.909e-06, 1838526.0], [3.854e-06, 1734400.0], [3.792e-06, 1721274.0]], 'asks': [[5.684e-06, 16.0], [5.738e-06, 16.0], [6e-06, 1.0], [6.5e-06, 1.0], [6.582e-06, 36984.0], [6.876e-06, 538273.0], [6.895e-06, 709396.0], [6.964e-06, 1680080.0], [7.011e-06, 1456761.0], [7.062e-06, 1578095.0]], 'timestamp': 1711986983304, 'datetime': '2024-04-01T15:56:23.304Z', 'nonce': None}, 'UTK/BTC': {'symbol': 'UTK/BTC', 'bids': [[1.8169e-06, 1.0], [1.8168e-06, 87.0], [1.2e-06, 99.0], [1e-06, 270.0], [5e-07, 980.0], [4.003e-07, 469.0], [4e-07, 500.0], [2.164e-07, 1453.0], [1e-07, 4710.0], [9e-08, 5463.0]], 'asks': [[1.9477e-06, 274.0], [1.9567e-06, 27.0], [1.9754e-06, 27.0], [1.9999e-06, 7997.0], [2e-06, 5000.0], [2.1999e-06, 19.0], [2.5e-06, 5000.0], [3.0508e-06, 27.0], [3.358e-06, 27.0], [3.5655e-06, 82.0]], 'timestamp': 1711986969733, 'datetime': '2024-04-01T15:56:09.733Z', 'nonce': None}, 'WLXT/BTC': {'symbol': 'WLXT/BTC', 'bids': [[4e-08, 2951.9], [2e-08, 1.4], [1e-08, 37828.1]], 'asks': [[9e-08, 240.2], [1e-07, 4.5], [5e-07, 120.0], [5.8e-07, 0.1], [5.9e-07, 8.6], [6.5e-07, 0.1], [1.6e-06, 33333.3], [1.7e-06, 33333.5], [1.8e-06, 33333.4], [1.9e-06, 3.3]], 'timestamp': 1711982140510, 'datetime': '2024-04-01T14:35:40.510Z', 'nonce': None}, 'ORN/BTC': {'symbol': 'ORN/BTC', 'bids': [[2.223e-05, 12.06], [2.222e-05, 5.0], [1.112e-05, 0.16], [1.111e-05, 24.0], [1.056e-05, 11.53], [1.06e-06, 4.71], [1.05e-06, 51.53], [2.4e-07, 41.66], [1.8e-07, 27.77], [1.5e-07, 33.33]], 'asks': [[3.2e-05, 0.02], [3.3e-05, 0.01], [3.4e-05, 0.01], [3.5e-05, 0.01], [3.6e-05, 0.01], [3.7e-05, 0.01], [3.8e-05, 0.01], [3.9e-05, 0.01], [4e-05, 0.01], [4.09e-05, 0.01]], 'timestamp': 1711985501701, 'datetime': '2024-04-01T15:31:41.701Z', 'nonce': None}, 'SNT/USDC': {'symbol': 'SNT/USDC', 'bids': [[0.04602, 14378.0], [0.045551, 192992.0], [0.045316, 311783.0], [0.045233, 16074.0], [0.045145, 16124.0], [0.045055, 17466.0], [0.044967, 16996.0], [0.013902, 3130.0], [0.013901, 1075.0], [0.008355, 1.0]], 'asks': [[0.046585, 14827.0], [0.047034, 189171.0], [0.047215, 300914.0], [0.047306, 137123.0], [0.047394, 122568.0], [0.047496, 135170.0], [0.078775, 1075.0], [9999999999.999998, 1.0]], 'timestamp': 1711986991457, 'datetime': '2024-04-01T15:56:31.457Z', 'nonce': None}, 'FLIKS/USDT': {'symbol': 'FLIKS/USDT', 'bids': [[0.00012, 284186.3], [0.00011, 468270.4], [0.0001, 10000.0], [9e-05, 10000.0], [8e-05, 10000.0], [7e-05, 10000.0], [6e-05, 10000.0], [5e-05, 10000.0], [4e-05, 10000.0], [3e-05, 10000.0]], 'asks': [[0.00013, 7357.4], [0.00014, 1000.0], [0.00015, 149192.8], [0.00016, 1000.0], [0.00018, 1000.0], [0.0002, 1000.0], [0.00023, 321801.6], [0.00024, 100523.9], [0.00025, 439140.0], [0.00026, 857142.0]], 'timestamp': 1711908427851, 'datetime': '2024-03-31T18:07:07.851Z', 'nonce': None}, 'RSR/BCH': {'symbol': 'RSR/BCH', 'bids': [[1e-06, 200.0], [2e-07, 500.0], [1e-07, 1000.0], [2e-08, 5000.0], [1e-08, 10000.0], [3e-09, 33330.0], [2.1e-09, 82350.0], [2e-09, 50000.0], [1.2e-09, 83330.0], [1.1e-09, 14390.0]], 'asks': [[0.00012422, 290.0], [0.0001522, 290.0], [0.00017522, 390.0], [0.0002022, 590.0], [0.000225, 880.0], [0.00025422, 950.0], [0.0002725, 370.0], [0.00029725, 510.0], [0.00035422, 1110.0], [0.001492118, 70.0]], 'timestamp': 1711911010312, 'datetime': '2024-03-31T18:50:10.312Z', 'nonce': None}, 'TUSD/USDC': {'symbol': 'TUSD/USDC', 'bids': [[0.94239795, 20.16], [0.94239794, 0.05], [0.94169793, 0.05], [0.94169792, 0.05], [0.94161947, 0.05], [0.94157884, 0.07], [0.94152884, 0.06], [0.94136571, 0.04], [0.94113628, 0.06], [0.9410878, 0.03]], 'asks': [[1.014982, 3.06], [1.02, 84068.88], [1.06999999, 0.04], [1.08808326, 0.01], [1.08988169, 0.01], [1.09052356, 0.01], [1.09056553, 0.01], [1.09211565, 0.01], [1.0922576, 0.05], [1.12, 2.5]], 'timestamp': 1711979234970, 'datetime': '2024-04-01T13:47:14.970Z', 'nonce': None}, 'RELAY/ETH': {'symbol': 'RELAY/ETH', 'bids': [[1e-07, 500.0]], 'asks': [], 'timestamp': 1711530001694, 'datetime': '2024-03-27T09:00:01.694Z', 'nonce': None}, 'CRV/USDC': {'symbol': 'CRV/USDC', 'bids': [[0.64366, 22.1], [0.64108, 27.8], [0.64072, 1163.1], [0.63974, 15269.7], [0.63882, 22526.9], [0.63764, 43929.3], [0.63628, 25.7], [0.63627, 51556.6], [0.63439, 51454.4], [0.63363, 52755.5]], 'asks': [[0.64474, 22.3], [0.6459, 1209.7], [0.64713, 15492.1], [0.64732, 28.6], [0.64757, 22567.0], [0.64846, 38822.3], [0.64879, 41854.0], [0.64883, 45642.6], [0.65005, 43807.0], [0.65041, 38814.3]], 'timestamp': 1711986991609, 'datetime': '2024-04-01T15:56:31.609Z', 'nonce': None}, 'BCH/TUSD': {'symbol': 'BCH/TUSD', 'bids': [[1.0, 1.0], [0.1, 10.0], [0.011, 16.683], [0.01, 100.0]], 'asks': [[2499.999, 0.0119], [2500.0, 0.005], [258000.0, 0.002], [92680000.0, 0.001], [92680000000.0, 0.001]], 'timestamp': 1711984601078, 'datetime': '2024-04-01T15:16:41.078Z', 'nonce': None}, 'REEF/BTC': {'symbol': 'REEF/BTC', 'bids': [[4.292e-08, 250066.0], [4.284e-08, 34210.0], [4.272e-08, 3382746.0], [4.263e-08, 5232567.0], [4.113e-08, 7639476.0], [3.871e-08, 7465339.0], [3.723e-08, 8151624.0], [3.631e-08, 6911962.0], [3.553e-08, 7862925.0], [2.881e-08, 350.0]], 'asks': [[4.305e-08, 228974.0], [4.376e-08, 12848.0], [5.088e-08, 2041.0], [5.089e-08, 3262974.0], [5.192e-08, 5268416.0], [5.268e-08, 5.0], [5.272e-08, 12504721.0], [5.324e-08, 11912225.0], [5.37e-08, 12641177.0], [5.377e-08, 4.0]], 'timestamp': 1711986991599, 'datetime': '2024-04-01T15:56:31.599Z', 'nonce': None}, 'DOT/USDC': {'symbol': 'DOT/USDC', 'bids': [[9.0135, 1.52], [9.0023, 75.02], [8.999, 2.08], [8.992, 1048.68], [8.9656, 1732.88], [8.9447, 7965.02], [8.9312, 7123.33], [8.8976, 7080.63], [8.8178, 7395.14], [8.7339, 8001.32]], 'asks': [[9.0151, 131.78], [9.0185, 1.51], [9.021, 76.66], [9.0284, 964.8], [9.032, 2.06], [9.0415, 1541.33], [9.0446, 3110.8], [9.0588, 4.87], [9.0589, 3040.97], [9.068, 2952.07]], 'timestamp': 1711986991603, 'datetime': '2024-04-01T15:56:31.603Z', 'nonce': None}, '1INCH/BTC': {'symbol': '1INCH/BTC', 'bids': [[8.479e-06, 25.7], [8.472e-06, 2400.0], [8.469e-06, 34.9], [8.459e-06, 16522.6], [8.439e-06, 26378.1], [8.428e-06, 34440.9], [8.362e-06, 37741.4], [8.186e-06, 722.7], [8.185e-06, 36535.9], [8.066e-06, 35920.6]], 'asks': [[8.503e-06, 1335.6], [8.513e-06, 15299.0], [8.529e-06, 23363.7], [8.534e-06, 53266.6], [8.542e-06, 54958.2], [8.554e-06, 45431.9], [8.571e-06, 54495.8], [8.596e-06, 47660.0], [8.775e-06, 1.0], [8.859e-06, 1.0]], 'timestamp': 1711986990611, 'datetime': '2024-04-01T15:56:30.611Z', 'nonce': None}, 'MITH/ETH': {'symbol': 'MITH/ETH', 'bids': [[5.19e-07, 2.0], [5.18e-07, 638.0], [4.2e-07, 2.0], [4.18e-07, 2392.0], [3.25e-07, 2.0], [3.23e-07, 3095.0], [2.22e-07, 2.0], [2.18e-07, 4587.0], [1.07e-07, 2.0], [1e-07, 1000.0]], 'asks': [[9e-07, 100.0], [1e-06, 51.0], [1.199e-06, 10130.0], [1.2e-06, 1.0], [1.3e-06, 1.0], [1.4e-06, 1.0], [1.5e-06, 1.0], [1.6e-06, 1.0], [1.7e-06, 1.0], [1.799e-06, 8383.0]], 'timestamp': 1711981693982, 'datetime': '2024-04-01T14:28:13.982Z', 'nonce': None}, 'ONT/BTC': {'symbol': 'ONT/BTC', 'bids': [[4.87e-06, 2324.6], [4.86e-06, 10023.3], [4.85e-06, 89402.4], [4.83e-06, 70040.2], [4.81e-06, 87938.8], [4.73e-06, 68684.5], [4.65e-06, 57114.2], [4.59e-06, 65699.0], [4.53e-06, 56454.7], [4.49e-06, 22.0]], 'asks': [[4.9e-06, 2155.0], [4.91e-06, 26913.3], [4.92e-06, 42236.5], [4.93e-06, 65727.1], [4.94e-06, 66993.6], [4.95e-06, 64275.3], [4.96e-06, 210709.7], [5.07e-06, 0.2], [5.12e-06, 0.2], [6.01e-06, 99.9]], 'timestamp': 1711986987293, 'datetime': '2024-04-01T15:56:27.293Z', 'nonce': None}, 'CELO/BTC': {'symbol': 'CELO/BTC', 'bids': [[1.682e-05, 595.38], [1.6819e-05, 254.75], [1.6814e-05, 59.86], [1.5635e-05, 620.58], [1.557e-05, 7868.19], [1.5551e-05, 11195.81], [1.5539e-05, 22042.55], [1.5488e-05, 23366.03], [1.5423e-05, 24101.0], [1.5346e-05, 25254.2]], 'asks': [[1.733e-05, 563.09], [1.7359e-05, 7159.0], [1.7393e-05, 12618.77], [1.7428e-05, 26332.66], [1.7429e-05, 21.14], [1.7444e-05, 28801.26], [1.7467e-05, 30452.75], [1.7483e-05, 28106.65], [1.7548e-05, 27799.08], [2.2232e-05, 19.2]], 'timestamp': 1711986991180, 'datetime': '2024-04-01T15:56:31.180Z', 'nonce': None}, 'SCLP/USDT': {'symbol': 'SCLP/USDT', 'bids': [[0.15, 0.01], [0.14, 0.01], [0.13, 0.01], [0.12, 0.01], [0.11, 0.01], [0.1, 0.01], [0.088, 0.01], [0.01, 50.0], [0.001, 500.0], [0.0002, 7430.72]], 'asks': [[1.7159, 258.97], [1.716, 37.06], [1.7162, 5.29], [5.5, 0.01], [6.0, 0.01], [6.5, 0.01], [7.0, 0.01], [7.5, 0.01], [8.0, 0.01], [9.0, 0.01]], 'timestamp': 1711986859512, 'datetime': '2024-04-01T15:54:19.512Z', 'nonce': None}, 'WBTC/USDC': {'symbol': 'WBTC/USDC', 'bids': [[63518.0, 0.010086], [63081.0, 0.143903], [62810.0, 0.00083], [62809.0, 0.195514], [62559.0, 0.210245], [62340.0, 0.196764], [62064.0, 0.18093], [61752.0, 0.175759], [20529.0, 0.000543], [10094.0, 1.2e-05]], 'asks': [[68614.0, 0.00998], [68731.0, 0.123856], [68897.0, 0.199171], [69077.0, 0.0702], [69093.0, 0.061814], [69310.0, 0.066907], [69417.0, 0.063841], [116332.0, 0.000543]], 'timestamp': 1711986991192, 'datetime': '2024-04-01T15:56:31.192Z', 'nonce': None}, 'OXT/BTC': {'symbol': 'OXT/BTC', 'bids': [[1.843e-06, 158.1], [1.842e-06, 54.2], [1.112e-06, 985.8], [1.111e-06, 100.0], [5e-07, 390.0], [8.7e-08, 69.9]], 'asks': [[2.14e-06, 158.5], [2.141e-06, 29.9], [2.162e-06, 29.9], [3.675e-06, 29.9], [3.946e-06, 83.9], [5e-06, 928.2], [7.9e-06, 937.8], [9.071e-06, 31.5], [9.747e-06, 94.2], [1.17e-05, 95.3]], 'timestamp': 1711986683051, 'datetime': '2024-04-01T15:51:23.051Z', 'nonce': None}, 'ANKR/USDC': {'symbol': 'ANKR/USDC', 'bids': [[0.057442, 370.0], [0.057441, 11832.0], [0.05627, 139341.0], [0.056004, 239214.0], [0.055787, 199564.0], [0.055522, 223568.0], [0.055211, 202236.0], [0.054922, 211854.0], [0.054664, 193418.0], [0.054389, 226900.0]], 'asks': [[0.063706, 11825.0], [0.063792, 134231.0], [0.063847, 211183.0], [0.063937, 226149.0], [0.064034, 260272.0], [0.064128, 269666.0], [0.06413, 234775.0], [0.064201, 225353.0], [0.064286, 251599.0], [0.10775, 518.0]], 'timestamp': 1711986990823, 'datetime': '2024-04-01T15:56:30.823Z', 'nonce': None}, 'ATOM/BTC': {'symbol': 'ATOM/BTC', 'bids': [[0.00016818, 1.2], [0.00016807, 59.04], [0.00016801, 236.3], [0.00016799, 1.53], [0.00016794, 590.55], [0.00016783, 64.16], [0.00016778, 839.69], [0.00016766, 1125.82], [0.00016746, 713.03], [0.0001673, 1.54]], 'asks': [[0.00016832, 1.22], [0.00016834, 57.36], [0.00016842, 235.62], [0.00016851, 1.64], [0.00016853, 569.2], [0.0001686, 815.63], [0.00016871, 53.58], [0.00016873, 1061.75], [0.00016902, 1543.79], [0.00016904, 776.54]], 'timestamp': 1711986991271, 'datetime': '2024-04-01T15:56:31.271Z', 'nonce': None}, 'GLM/ETH': {'symbol': 'GLM/ETH', 'bids': [[6.928e-05, 5.8], [6.927e-05, 1.5], [6.852e-05, 1.6], [6.779e-05, 1.6], [6.705e-05, 0.1], [6.651e-05, 1.7], [6.549e-05, 2.3], [6.467e-05, 0.3], [6.404e-05, 0.9], [6.329e-05, 2.2]], 'asks': [[0.00018411, 0.4], [0.00018412, 0.1], [0.00018475, 0.1], [0.00018529, 0.2], [0.00018647, 0.3], [0.00018765, 0.3], [0.00018884, 0.3], [0.0001897, 0.1], [0.00019004, 0.2], [0.0001909, 0.1]], 'timestamp': 1711986991234, 'datetime': '2024-04-01T15:56:31.234Z', 'nonce': None}, 'HOT/USDT': {'symbol': 'HOT/USDT', 'bids': [[0.003162683, 4400.0], [0.003161633, 196000.0], [0.003159833, 827100.0], [0.003159202, 5700.0], [0.003156869, 1968700.0], [0.003154816, 2972400.0], [0.003151625, 3761900.0], [0.003145573, 4982600.0], [0.002989682, 83900.0], [0.002989681, 3900.0]], 'asks': [[0.003165317, 4400.0], [0.003166634, 201900.0], [0.003168042, 813900.0], [0.003169766, 2054100.0], [0.0031698, 5500.0], [0.003169943, 225300.0], [0.00317128, 1448700.0], [0.003172234, 3005400.0], [0.003173157, 2221700.0], [0.003174595, 2945900.0]], 'timestamp': 1711986991586, 'datetime': '2024-04-01T15:56:31.586Z', 'nonce': None}, 'AUDIO/USDC': {'symbol': 'AUDIO/USDC', 'bids': [[0.08398, 129.4], [0.00105, 38.2], [0.00104, 2639.7], [1e-05, 4963.0]], 'asks': [[0.47589, 163.8], [0.4759, 129.4], [0.47843, 48.8], [1311.31171, 29.4]], 'timestamp': 1711986991089, 'datetime': '2024-04-01T15:56:31.089Z', 'nonce': None}, 'LDO/USDC': {'symbol': 'LDO/USDC', 'bids': [[2.765, 235.32], [2.7612, 3002.54], [2.7575, 4868.51], [2.749, 21955.72], [2.7051, 23172.89], [2.6457, 21939.17], [2.6037, 22989.36], [2.5735, 20191.16], [0.8338, 15.27], [0.4528, 0.07]], 'asks': [[2.7721, 231.87], [2.7751, 3411.26], [2.7772, 8.08], [2.7773, 5318.72], [2.7836, 24640.18], [2.7846, 21333.54], [2.8061, 21452.01], [2.8255, 21325.99], [2.8789, 21209.57], [4.7249, 15.27]], 'timestamp': 1711986990823, 'datetime': '2024-04-01T15:56:30.823Z', 'nonce': None}, 'ONE/BTC': {'symbol': 'ONE/BTC', 'bids': [[4.2299e-07, 24140.0], [4.2186e-07, 299420.0], [4.2101e-07, 459690.0], [4.1995e-07, 460.0], [4.1974e-07, 21980.0], [4.1961e-07, 86520.0], [4.1948e-07, 211080.0], [4.1935e-07, 316240.0], [4.1931e-07, 580.0], [4.1922e-07, 410580.0]], 'asks': [[4.2491e-07, 26740.0], [4.2569e-07, 333880.0], [4.2664e-07, 481870.0], [4.2699e-07, 930.0], [4.2749e-07, 517950.0], [4.2822e-07, 516280.0], [4.3005e-07, 470.0], [4.3026e-07, 21620.0], [4.3039e-07, 82610.0], [4.3052e-07, 216730.0]], 'timestamp': 1711986991285, 'datetime': '2024-04-01T15:56:31.285Z', 'nonce': None}, 'QTUM/USDT': {'symbol': 'QTUM/USDT', 'bids': [[4.414779, 3.3], [4.414558, 3.54], [4.41257, 153.76], [4.411629, 149.95], [4.409588, 638.07], [4.40947, 604.59], [4.408153, 4.28], [4.407931, 4.48], [4.405852, 1107.63], [4.405104, 1548.11]], 'asks': [[4.417221, 3.53], [4.418442, 3.33], [4.42043, 156.78], [4.42231, 151.12], [4.42307, 636.72], [4.423977, 614.3], [4.424848, 4.48], [4.425069, 4.18], [4.425156, 1544.47], [4.42537, 1273.31]], 'timestamp': 1711986991600, 'datetime': '2024-04-01T15:56:31.600Z', 'nonce': None}, 'LINA/BTC': {'symbol': 'LINA/BTC', 'bids': [[1.575e-07, 999.0], [1.574e-07, 1654.8], [1.5e-07, 0.1], [1.111e-07, 0.1], [1.102e-07, 6939.1], [1.101e-07, 6200.0], [1.1e-07, 300.0], [1e-07, 10.0], [2.1e-08, 1000.0], [1.1e-08, 3000.0]], 'asks': [[1.966e-07, 129772.6], [1.968e-07, 49530.9], [1.977e-07, 746425.7], [1.979e-07, 1772.3], [1.98e-07, 1110552.8], [1.982e-07, 1233770.3], [1.985e-07, 1319795.6], [1.994e-07, 1273057.3], [1.998e-07, 1390057.1], [2.001e-07, 1151.3]], 'timestamp': 1711986990905, 'datetime': '2024-04-01T15:56:30.905Z', 'nonce': None}, 'ETH/USDD': {'symbol': 'ETH/USDD', 'bids': [[1140.2, 0.00094], [1140.0, 0.02], [1037.9, 0.01524], [699.1, 0.00012], [599.0, 0.00014], [81.8, 0.03056], [0.4, 1.0], [0.1, 0.5]], 'asks': [[4864.0, 0.00463], [5881.6, 0.01524], [5967.2, 0.07813], [5967.3, 0.00489], [9727.8, 0.0003], [9728.0, 0.005], [14365.8, 0.0002], [14365.9, 0.007], [19456.0, 0.005], [38912.0, 0.005]], 'timestamp': 1711986991153, 'datetime': '2024-04-01T15:56:31.153Z', 'nonce': None}, 'ETH/USDC': {'symbol': 'ETH/USDC', 'bids': [[3456.837146, 0.0042], [3456.25432, 0.0039], [3455.232221, 0.2001], [3455.11854, 0.1935], [3454.732804, 2.7499], [3454.731834, 0.1772], [3454.400561, 3.9763], [3454.125213, 4.1573], [3454.067099, 0.7698], [3453.839627, 4.2226]], 'asks': [[3457.37286, 0.0043], [3457.545721, 0.0039], [3458.31302, 0.2117], [3458.492871, 2.5937], [3458.736931, 3.7046], [3458.897546, 4.0855], [3459.274321, 0.1807], [3459.283593, 4.577], [3459.288837, 4.1445], [3459.40771, 3.9614]], 'timestamp': 1711986991602, 'datetime': '2024-04-01T15:56:31.602Z', 'nonce': None}, 'XCUR/USDT': {'symbol': 'XCUR/USDT', 'bids': [[0.00201, 3247.3], [0.002, 10.0], [0.0018, 10.0], [0.0016, 10.0], [0.0014, 10.0], [0.00125, 40.0], [0.00065, 153.84], [0.00035, 100.0], [0.00031, 322.58], [0.0003, 5000.0]], 'asks': [[0.08779, 6.02], [0.0878, 72.7], [0.1, 10.0], [0.12, 1.0], [0.14, 1.0], [0.16, 1.0], [0.18, 1.0], [0.2, 1.0], [0.25, 1.0], [0.2764, 30.0]], 'timestamp': 1711986844933, 'datetime': '2024-04-01T15:54:04.933Z', 'nonce': None}, 'WRX/BTC': {'symbol': 'WRX/BTC', 'bids': [[2.0047e-06, 1100.6], [2.002e-06, 98.0], [1.7e-06, 199.0], [3.003e-07, 950.0], [3e-07, 17.1], [2e-07, 25.5], [1.98e-07, 25.2], [1.978e-07, 6001.3], [1e-07, 0.5], [9e-08, 0.5]], 'asks': [[9.735e-06, 21.0], [1.3067e-05, 48.9], [1.38242e-05, 1.0], [1.74102e-05, 33.8], [3.03338e-05, 27.7], [3.03882e-05, 0.2], [3.33626e-05, 0.1], [3.33827e-05, 0.1], [3.46e-05, 40.7], [4.89452e-05, 21.7]], 'timestamp': 1711986991308, 'datetime': '2024-04-01T15:56:31.308Z', 'nonce': None}, 'SFP/BTC': {'symbol': 'SFP/BTC', 'bids': [[1.0628e-05, 18.84], [1.0612e-05, 23.59], [8.488e-06, 816.85], [8.487e-06, 909.61], [8.406e-06, 12307.61], [8.29e-06, 20640.7], [8.234e-06, 8373.78], [8.171e-06, 9834.04], [8.116e-06, 8193.4], [8.077e-06, 8533.43]], 'asks': [[1.0692e-05, 902.86], [1.0713e-05, 13124.75], [1.0744e-05, 17754.99], [1.0764e-05, 11587.38], [1.0766e-05, 12469.59], [1.0887e-05, 14056.94], [1.1195e-05, 11617.43], [1.8097e-05, 303.0], [3.1e-05, 10.0], [3.2e-05, 4.0]], 'timestamp': 1711986990725, 'datetime': '2024-04-01T15:56:30.725Z', 'nonce': None}, 'EGLD/USDC': {'symbol': 'EGLD/USDC', 'bids': [[55.749, 0.272], [55.748, 12.096], [55.678, 148.845], [55.58, 265.607], [55.346, 650.651], [55.162, 554.696], [54.855, 629.199], [54.114, 575.309], [53.559, 552.237], [20.532, 0.005]], 'asks': [[56.21, 0.4], [56.211, 12.831], [56.233, 0.238], [56.3, 179.855], [56.318, 0.319], [56.389, 228.027], [56.42, 583.908], [56.547, 618.398], [56.574, 563.073], [56.715, 590.04]], 'timestamp': 1711986991613, 'datetime': '2024-04-01T15:56:31.613Z', 'nonce': None}, 'DOGE/BTC': {'symbol': 'DOGE/BTC', 'bids': [[2.48628e-06, 500.0], [2.43144e-06, 1190.0], [2.41522e-06, 2580.0], [2.40988e-06, 4450.0], [2.40583e-06, 3830.0], [2.40565e-06, 4470.0], [2.4026e-06, 3800.0], [2.39966e-06, 3760.0], [2.39543e-06, 4310.0], [2.36114e-06, 4390.0]], 'asks': [[2.92535e-06, 530.0], [2.9258e-06, 1110.0], [2.92831e-06, 2540.0], [2.9304e-06, 10020.0], [2.93202e-06, 2710.0], [2.93271e-06, 10520.0], [2.93289e-06, 9910.0], [2.93377e-06, 26630.0], [2.93464e-06, 39600.0], [2.93495e-06, 1340.0]], 'timestamp': 1711986991442, 'datetime': '2024-04-01T15:56:31.442Z', 'nonce': None}, 'GRT/BTC': {'symbol': 'GRT/BTC', 'bids': [[5.327e-06, 1764.38], [5.325e-06, 24194.95], [5.321e-06, 35695.95], [5.319e-06, 48.8], [5.205e-06, 184440.05], [5.066e-06, 283.04], [5.065e-06, 177496.35], [5.004e-06, 178883.84], [4.973e-06, 153896.41], [4.945e-06, 163290.93]], 'asks': [[5.349e-06, 2063.54], [5.351e-06, 24727.08], [5.352e-06, 8737.23], [5.354e-06, 41331.26], [5.355e-06, 17769.77], [5.357e-06, 48.92], [5.36e-06, 175507.87], [5.365e-06, 195841.46], [5.366e-06, 26142.67], [5.37e-06, 169425.01]], 'timestamp': 1711986991400, 'datetime': '2024-04-01T15:56:31.400Z', 'nonce': None}, 'HOT/USDC': {'symbol': 'HOT/USDC', 'bids': [[0.0025351, 11980.0], [0.002535, 242760.0], [0.002503, 3113590.0], [0.0024907, 4194940.0], [0.0024813, 7611290.0], [0.0024707, 7349660.0], [0.0024621, 6987240.0], [0.0024508, 6515920.0], [0.0024384, 7867810.0], [0.0009491, 9440.0]], 'asks': [[0.0031709, 210330.0], [0.0031749, 3076220.0], [0.0031794, 4154750.0], [0.0032484, 8268760.0], [0.0034274, 8242750.0], [0.0035253, 8580810.0], [0.0035809, 7531890.0], [0.0036251, 8507740.0], [0.0053786, 9440.0], [0.9876543, 600.0]], 'timestamp': 1711986991502, 'datetime': '2024-04-01T15:56:31.502Z', 'nonce': None}, 'HT/USDT': {'symbol': 'HT/USDT', 'bids': [[0.755, 38.83], [0.73001, 0.39], [0.73, 20.0], [0.72, 11.07], [0.60771, 18.97], [0.60501, 5840.74], [0.10001, 2.0], [0.1, 0.34], [0.03066, 6.52], [0.03065, 47.92]], 'asks': [[0.84709, 709.21], [0.8471, 106.77], [0.8472, 13.07], [0.84732, 60.27], [0.84818, 33.32], [0.85979, 0.12], [0.86166, 6.31], [0.86167, 0.08], [0.86538, 0.04], [0.86894, 7.28]], 'timestamp': 1711986991497, 'datetime': '2024-04-01T15:56:31.497Z', 'nonce': None}, 'WRX/USDT': {'symbol': 'WRX/USDT', 'bids': [[0.29027, 47.3], [0.28989, 2134.3], [0.289835, 59.7], [0.289816, 17.2], [0.2, 1.0], [0.165001, 0.6], [0.16, 1.0], [0.072895, 6.8], [0.018, 1.0], [0.01693, 118.2]], 'asks': [[0.35971, 1.9], [0.359711, 4.8], [0.359712, 17.7], [0.4, 1.0], [0.422569, 2.5], [0.434293, 0.1], [0.45, 1.0], [0.49689, 0.1], [0.5, 1.1], [0.522078, 2.6]], 'timestamp': 1711986991387, 'datetime': '2024-04-01T15:56:31.387Z', 'nonce': None}, 'ETH/USDP': {'symbol': 'ETH/USDP', 'bids': [[3451.351, 0.2256], [3446.387, 2.9111], [3441.126, 4.4927], [3437.634, 2.3402], [3434.086, 2.1906], [3429.333, 2.2673], [3426.208, 2.0856], [3423.72, 0.0372], [3423.719, 2.3987], [3418.411, 2.3865]], 'asks': [[3462.178, 0.2233], [3465.802, 2.5448], [3470.977, 4.264], [3477.474, 17.1996], [3481.455, 16.558], [3693.393, 0.0007], [3728.737, 0.0007], [4776.898, 0.0005], [4776.9, 0.0001], [4905.109, 0.0001]], 'timestamp': 1711986990587, 'datetime': '2024-04-01T15:56:30.587Z', 'nonce': None}, 'UNI/USDT:USDT': {'symbol': 'UNI/USDT:USDT', 'bids': [[12.3057, 4205.0], [12.3047, 3044.5], [12.3044, 58.9], [12.3033, 2087.8], [12.3019, 385.6], [12.2996, 2703.8], [12.2979, 167.8], [12.2965, 109.9], [12.2962, 295.9], [12.2945, 464.6]], 'asks': [[12.3243, 55.0], [12.3265, 58.8], [12.3267, 387.2], [12.3279, 119.0], [12.3289, 114.6], [12.3292, 292.3], [12.3324, 411.9], [12.3326, 686.5], [12.333, 519.1], [12.3334, 294.8]], 'timestamp': 1711986991549, 'datetime': '2024-04-01T15:56:31.549Z', 'nonce': None}, 'QTUM/USDC': {'symbol': 'QTUM/USDC', 'bids': [[4.4079, 168.45], [4.399, 2187.17], [4.3922, 3343.63], [4.3836, 5132.32], [4.3744, 4867.31], [4.3142, 7.15], [4.3141, 5156.35], [4.2531, 5119.99], [4.2057, 5069.4], [1.325, 9.42]], 'asks': [[4.424, 174.94], [4.431, 1907.45], [4.4345, 3202.78], [4.4405, 7372.15], [4.4495, 3522.42], [4.4516, 3511.92], [4.4556, 4024.18], [7.5086, 9.42]], 'timestamp': 1711986991574, 'datetime': '2024-04-01T15:56:31.574Z', 'nonce': None}, 'ETH/USDT': {'symbol': 'ETH/USDT', 'bids': [[3457.227, 0.004], [3456.989, 0.4875], [3456.881, 0.9663], [3456.754, 0.0049], [3456.681, 1.8316], [3456.608, 2.7579], [3456.409, 0.2526], [3456.408, 16.9093], [3456.388, 2.8815], [3456.089, 0.4875]], 'asks': [[3457.456, 0.0044], [3457.573, 0.0042], [3457.802, 6.0505], [3457.835, 4.4347], [3457.919, 0.937], [3458.074, 1.9543], [3458.122, 9.6141], [3458.129, 2.7407], [3458.26, 14.0016], [3458.318, 3.6039]], 'timestamp': 1711986991584, 'datetime': '2024-04-01T15:56:31.584Z', 'nonce': None}, 'MKR/ETH': {'symbol': 'MKR/ETH', 'bids': [[1.06287, 0.1796], [1.06036, 2.4269], [1.05902, 4.2185], [1.05744, 8.2241], [1.05728, 9.1092], [1.05564, 9.5172], [1.04547, 8.9153], [1.03923, 0.1441], [1.03922, 8.7735], [1.03173, 9.4018]], 'asks': [[1.0665, 0.1883], [1.06752, 2.4763], [1.06834, 3.865], [1.07008, 12.7055], [1.07155, 11.4589], [1.07166, 12.9963], [1.07309, 12.3507], [1.07444, 11.1048], [1.07619, 12.9597], [1.2, 0.01]], 'timestamp': 1711986989768, 'datetime': '2024-04-01T15:56:29.768Z', 'nonce': None}, 'NFT/USDT': {'symbol': 'NFT/USDT', 'bids': [[4.602e-07, 84745000.0], [4.601e-07, 433064000.0], [4.599e-07, 63656000.0], [4.466e-07, 60396000.0], [4.445e-07, 1295000.0], [4.3e-07, 898000.0], [3.547e-07, 2524000.0], [3.546e-07, 31000.0], [3.5e-07, 357000.0], [3.2e-07, 322000.0]], 'asks': [[5.347e-07, 222000.0], [5.402e-07, 82174000.0], [5.403e-07, 86000.0], [5.509e-07, 9314896000.0], [5.534e-07, 14879554000.0], [5.558e-07, 20385548000.0], [5.587e-07, 4745000.0], [5.613e-07, 25958636000.0], [5.729e-07, 29808952000.0], [5.794e-07, 1000.0]], 'timestamp': 1711986988897, 'datetime': '2024-04-01T15:56:28.897Z', 'nonce': None}, 'XEM/BTC': {'symbol': 'XEM/BTC', 'bids': [[6.73e-07, 14140.0], [6.72e-07, 12286.0], [6.71e-07, 2119.0], [6.6e-07, 65.0], [6.4e-07, 50.0], [6.3e-07, 50.0], [6.25e-07, 160.0], [6.2e-07, 50.0], [6.19e-07, 161.0], [6.1e-07, 50.0]], 'asks': [[6.88e-07, 1062.0], [7.13e-07, 8.0], [7.19e-07, 8.0], [7.4e-07, 709.0], [7.98e-07, 5.0], [8.23e-07, 5.0], [8.74e-07, 3810.0], [8.75e-07, 50.0], [8.78e-07, 65.0], [8.89e-07, 6.0]], 'timestamp': 1711986991486, 'datetime': '2024-04-01T15:56:31.486Z', 'nonce': None}, 'ALPHA/BTC': {'symbol': 'ALPHA/BTC', 'bids': [[2.187e-06, 4973.14], [2.183e-06, 55439.92], [2.176e-06, 89760.05], [2.173e-06, 38070.61], [2.172e-06, 38927.8], [2.165e-06, 36459.05], [2.099e-06, 1067.65], [2.098e-06, 41605.43], [1.602e-06, 0.01], [1.5e-06, 150.0]], 'asks': [[2.204e-06, 4436.73], [2.209e-06, 62578.34], [2.213e-06, 88382.14], [2.224e-06, 344449.5], [2.23e-06, 327934.36], [2.241e-06, 331153.53], [2.25e-06, 357441.51], [3.732e-06, 1218.33], [5.301e-06, 41.29], [9.439e-06, 78.13]], 'timestamp': 1711986991086, 'datetime': '2024-04-01T15:56:31.086Z', 'nonce': None}, 'XTZ/ETH': {'symbol': 'XTZ/ETH', 'bids': [[0.0003803, 516.3], [0.00037996, 6792.2], [0.00037964, 10307.9], [0.00037914, 12204.6], [0.00037867, 12232.8], [0.00037802, 13693.2], [0.00037718, 16545.2], [0.00037677, 8191.0], [0.00037592, 8904.5], [0.00037544, 8604.2]], 'asks': [[0.00038244, 491.5], [0.00038313, 6469.3], [0.00038332, 9831.1], [0.00038354, 12835.4], [0.00038376, 14508.7], [0.00038394, 14996.1], [0.00038414, 14849.6], [0.00038436, 9031.3], [0.00038449, 9043.5], [0.00038461, 9187.5]], 'timestamp': 1711986991478, 'datetime': '2024-04-01T15:56:31.478Z', 'nonce': None}, 'KNC/USDT:USDT': {'symbol': 'KNC/USDT:USDT', 'bids': [[0.8151, 20074.22], [0.815, 7185.54], [0.8147, 3403.88], [0.8146, 1428.67], [0.8145, 1042.86], [0.8143, 8290.77], [0.8142, 2658.13], [0.814, 6118.06], [0.8134, 19721.38], [0.8133, 6192.12]], 'asks': [[0.8168, 471.2], [0.8169, 487.6], [0.817, 3359.25], [0.8171, 2004.05], [0.8172, 3296.21], [0.8173, 2650.57], [0.8174, 2343.44], [0.8176, 4696.27], [0.8177, 3781.43], [0.8178, 370.61]], 'timestamp': 1711986991602, 'datetime': '2024-04-01T15:56:31.602Z', 'nonce': None}, 'LSK/ETH': {'symbol': 'LSK/ETH', 'bids': [[0.0003016, 4.02], [0.0003015, 0.03], [0.0003013, 0.05], [0.0002, 10.0], [0.00016, 124.24], [0.0001403, 14.35], [0.0001005, 0.49], [0.0001, 21.0], [5.05e-05, 0.99], [5e-05, 40.0]], 'asks': [[0.0005327, 8.11], [0.0005354, 598.87], [0.0005355, 378.1], [0.000538, 5178.87], [0.0005415, 7197.99], [0.0005422, 554.61], [0.0005429, 583.62], [0.0005436, 549.82], [0.0008, 2.5], [0.000816, 0.1]], 'timestamp': 1711986991325, 'datetime': '2024-04-01T15:56:31.325Z', 'nonce': None}, 'CVC/BTC': {'symbol': 'CVC/BTC', 'bids': [[2.894e-06, 558.0], [2.893e-06, 300.0], [2.201e-06, 1026.0], [2.2e-06, 90.0], [1.85e-06, 99.0], [1.837e-06, 622.0], [1.597e-06, 150.0], [1.5e-06, 2.0], [1.2e-06, 151.0], [1e-06, 370.0]], 'asks': [[3.1e-06, 3276.0], [3.106e-06, 46355.0], [3.112e-06, 72562.0], [3.118e-06, 112925.0], [3.121e-06, 179.0], [3.123e-06, 114452.0], [3.131e-06, 116458.0], [3.136e-06, 101899.0], [6e-06, 26.0], [6.959e-06, 27.0]], 'timestamp': 1711986983606, 'datetime': '2024-04-01T15:56:23.606Z', 'nonce': None}, 'XYO/BTC': {'symbol': 'XYO/BTC', 'bids': [[5.002e-08, 2299.0], [5.001e-08, 1.0], [4.453e-08, 29369.0], [4.452e-08, 20914.0], [1.001e-08, 499.0], [1e-08, 100.0], [1.01e-09, 9900.0], [1e-09, 1000.0], [4.8e-10, 20833.0], [4.7e-10, 653497.0]], 'asks': [[1.8028e-07, 5.0], [1.9999e-07, 400.0], [2.1798e-07, 75.0], [2.5228e-07, 13878.0], [2.6997e-07, 100.0], [3.2998e-07, 25.0], [3.9e-07, 800.0], [4.3998e-07, 25.0], [4.7798e-07, 25.0], [5e-07, 40.0]], 'timestamp': 1711986990732, 'datetime': '2024-04-01T15:56:30.732Z', 'nonce': None}, 'WBTC/USDT': {'symbol': 'WBTC/USDT', 'bids': [[68377.1, 0.00022], [68307.1, 0.00027], [65789.9, 2e-06], [65166.4, 2e-06], [63404.6, 0.001578], [63404.5, 0.098176], [63019.7, 0.160113], [62946.9, 0.108212], [62650.1, 0.292999], [62610.4, 0.032189]], 'asks': [[68478.7, 0.000219], [68481.2, 0.009946], [68534.5, 0.038659], [68549.7, 0.000284], [68664.1, 0.104273], [68699.9, 0.154167], [68909.9, 0.19065], [69218.7, 0.253398], [69366.6, 0.344959], [70146.8, 0.478524]], 'timestamp': 1711986991586, 'datetime': '2024-04-01T15:56:31.586Z', 'nonce': None}, 'AUDIO/USDT': {'symbol': 'AUDIO/USDT', 'bids': [[0.27977, 50.56], [0.27955, 2391.22], [0.27935, 69.01], [0.2793, 9013.66], [0.27898, 22577.25], [0.27872, 35340.0], [0.27862, 13503.52], [0.27824, 20365.09], [0.27764, 28611.03], [0.27763, 44611.41]], 'asks': [[0.27989, 507.68], [0.28013, 54.33], [0.28027, 2435.02], [0.28046, 9227.77], [0.28048, 12779.42], [0.28055, 65.86], [0.28078, 23090.91], [0.2808, 18489.44], [0.28111, 29291.76], [0.28122, 36356.24]], 'timestamp': 1711986991488, 'datetime': '2024-04-01T15:56:31.488Z', 'nonce': None}, 'BOSON/USDT': {'symbol': 'BOSON/USDT', 'bids': [[0.62857, 31.81], [0.62838, 3.74], [0.61506, 43.85], [0.32201, 19.83], [0.322, 3500.0], [0.26661, 31.13], [0.22164, 38.31], [0.21626, 10.0], [0.20666, 0.48], [0.20012, 2.49]], 'asks': [[0.72969, 5.1], [0.7297, 8.6], [0.72973, 0.03], [0.73088, 0.03], [0.73203, 0.03], [0.73318, 0.03], [0.73549, 0.03], [0.73664, 0.03], [0.73779, 0.03], [0.73894, 0.03]], 'timestamp': 1711986989032, 'datetime': '2024-04-01T15:56:29.032Z', 'nonce': None}, 'MATIC/BTC': {'symbol': 'MATIC/BTC', 'bids': [[1.36993e-05, 14.0], [1.36986e-05, 14.0], [1.36979e-05, 657.0], [1.36905e-05, 2561.0], [1.369e-05, 26.0], [1.36842e-05, 17.0], [1.36835e-05, 17.0], [1.36765e-05, 6434.0], [1.36689e-05, 9330.0], [1.36609e-05, 13310.0]], 'asks': [[1.371e-05, 26.0], [1.37114e-05, 15.0], [1.37128e-05, 630.0], [1.37198e-05, 2530.0], [1.37242e-05, 6663.0], [1.3725e-05, 14.0], [1.37264e-05, 675.0], [1.37265e-05, 18.0], [1.37275e-05, 10190.0], [1.37306e-05, 2579.0]], 'timestamp': 1711986991513, 'datetime': '2024-04-01T15:56:31.513Z', 'nonce': None}, 'BAT/ETH': {'symbol': 'BAT/ETH', 'bids': [[8.949e-05, 2068.0], [8.931e-05, 27883.4], [8.909e-05, 44151.6], [8.905e-05, 43591.5], [8.894e-05, 39091.9], [8.869e-05, 285.1], [8.868e-05, 40864.8], [8.856e-05, 44471.8], [8.844e-05, 37857.4], [8.336e-05, 7.7]], 'asks': [[8.986e-05, 2230.1], [9e-05, 27269.0], [9.015e-05, 41314.4], [9.025e-05, 3862.8], [9.031e-05, 3575.1], [9.034e-05, 3286.2], [9.038e-05, 3488.5], [9.047e-05, 3239.0], [9.267e-05, 6.9], [9.356e-05, 6.9]], 'timestamp': 1711986987052, 'datetime': '2024-04-01T15:56:27.052Z', 'nonce': None}, 'RSR/USDC': {'symbol': 'RSR/USDC', 'bids': [[0.0089508, 68020.0], [0.0085313, 835590.0], [0.0085057, 1193420.0], [0.0084931, 1246400.0], [0.0084644, 1192210.0], [0.008441, 2341160.0], [0.0084162, 1239720.0], [6e-07, 30.0], [4e-07, 2500040.0], [3e-07, 2500050.0]], 'asks': [[0.0110812, 13930.0], [0.0110813, 57890.0], [0.0111059, 757240.0], [0.0111184, 1356030.0], [0.0111396, 1712990.0], [0.0111557, 1805660.0], [0.0111728, 1818100.0], [0.0111757, 1788720.0], [0.0111903, 1627250.0], [5.0, 10.0]], 'timestamp': 1711986988006, 'datetime': '2024-04-01T15:56:28.006Z', 'nonce': None}, 'NEO/USDT': {'symbol': 'NEO/USDT', 'bids': [[15.31823, 0.95], [15.31699, 1.8], [15.30846, 0.95], [15.30693, 45.98], [15.29161, 1.26], [15.28296, 43.21], [15.26583, 178.09], [15.26517, 42.78], [15.25959, 595.94], [15.25539, 1.18]], 'asks': [[15.32154, 1.01], [15.32307, 45.95], [15.32383, 173.63], [15.32477, 1.0], [15.33148, 437.94], [15.3364, 223.34], [15.33839, 1.28], [15.34302, 356.47], [15.34486, 696.1], [15.3463, 302.11]], 'timestamp': 1711986991542, 'datetime': '2024-04-01T15:56:31.542Z', 'nonce': None}, 'BTCV/BTC': {'symbol': 'BTCV/BTC', 'bids': [[3.31e-05, 6.073], [3.3e-05, 2.432], [3e-05, 59.128], [2.99e-05, 7.292], [2.82e-05, 7.534], [2.73e-05, 8.534], [2.65e-05, 10.453], [2.5e-05, 12.55], [2.4e-05, 13.457], [2.38e-05, 15.396]], 'asks': [[3.6e-05, 16.404], [3.61e-05, 3.446], [3.72e-05, 5.0], [3.8e-05, 4.8], [4e-05, 3.99], [4.1e-05, 5.138], [4.25e-05, 3.663], [4.31e-05, 11.454], [4.37e-05, 10.946], [4.44e-05, 28.563]], 'timestamp': 1711986688521, 'datetime': '2024-04-01T15:51:28.521Z', 'nonce': None}, 'MANA/ETH': {'symbol': 'MANA/ETH', 'bids': [[0.000178151, 22.0], [0.000178142, 23.0], [0.000177912, 57.0], [0.00017391, 880.0], [0.000173909, 25.0], [0.00016731, 4.0], [0.000165724, 4.0], [0.000123909, 25.0], [0.000105601, 50.0], [0.00010362, 1.0]], 'asks': [[0.000179618, 24.0], [0.000179888, 30.0], [0.000179891, 1099.0], [0.000180138, 4262.0], [0.000181457, 10306.0], [0.000182634, 1057.0], [0.00018347, 15136.0], [0.000207395, 1.0], [0.000265, 11.0], [0.00028, 103.0]], 'timestamp': 1711986991589, 'datetime': '2024-04-01T15:56:31.589Z', 'nonce': None}, 'DYDX/BTC': {'symbol': 'DYDX/BTC', 'bids': [[4.673e-05, 239.031], [4.667e-05, 3106.836], [4.665e-05, 4828.183], [4.652e-05, 25721.379], [4.645e-05, 26052.038], [4.635e-05, 28232.335], [4.626e-05, 25659.346], [4.587e-05, 27572.755], [4.552e-05, 28232.471], [4.55e-05, 0.001]], 'asks': [[4.691e-05, 4.248], [4.703e-05, 209.8], [4.705e-05, 2998.786], [4.706e-05, 186.567], [4.707e-05, 5346.13], [4.709e-05, 22913.616], [4.711e-05, 22181.9], [4.712e-05, 26150.863], [4.714e-05, 23874.305], [4.716e-05, 25541.248]], 'timestamp': 1711986991496, 'datetime': '2024-04-01T15:56:31.496Z', 'nonce': None}, 'BNB/ETH': {'symbol': 'BNB/ETH', 'bids': [[0.1659833, 0.02], [0.1659002, 1.11], [0.1658653, 1.25], [0.1658505, 4.75], [0.165734, 0.03], [0.1657291, 11.46], [0.1657094, 16.15], [0.1655808, 17.32], [0.165575, 25.34], [0.1653089, 146.35]], 'asks': [[0.1661167, 0.02], [0.1661997, 1.16], [0.1662426, 1.3], [0.1662495, 4.47], [0.1663658, 0.03], [0.1664331, 11.25], [0.1664588, 14.67], [0.1666789, 17.38], [0.1666816, 23.36], [0.1666994, 0.53]], 'timestamp': 1711986990785, 'datetime': '2024-04-01T15:56:30.785Z', 'nonce': None}, 'XDC/ETH': {'symbol': 'XDC/ETH', 'bids': [[7.1e-06, 0.2], [7.09e-06, 4.6], [2e-06, 25.0], [1.94e-06, 503.4], [4.5e-07, 111.1], [4.3e-07, 493.0], [2.5e-07, 200.0], [2.4e-07, 1435.0], [2e-07, 250.0], [1.8e-07, 3521.6]], 'asks': [[8.999e-05, 532.0], [9e-05, 15.0], [0.0001, 0.1], [0.00015999, 199.2], [0.00016, 3000.0], [0.001, 0.1], [0.01, 0.1], [0.1, 0.1], [1.0, 0.1], [1000000000.0, 0.1]], 'timestamp': 1711986980421, 'datetime': '2024-04-01T15:56:20.421Z', 'nonce': None}, 'ZEN/BTC': {'symbol': 'ZEN/BTC', 'bids': [[0.0002045, 1.07], [0.0002043, 47.46], [0.0002042, 1.3], [0.0002007, 2.21], [0.0002006, 48.28], [0.0001922, 0.02], [0.0001851, 664.81], [0.0001836, 996.13], [0.0001819, 3256.09], [0.0001801, 3546.8]], 'asks': [[0.000205, 9.72], [0.0002053, 33.38], [0.0002054, 54.13], [0.0002061, 597.37], [0.0002066, 1065.63], [0.0002071, 2461.03], [0.0002081, 2784.55], [0.0002085, 2519.2], [0.0002095, 2767.75], [0.0002106, 2648.34]], 'timestamp': 1711986991225, 'datetime': '2024-04-01T15:56:31.225Z', 'nonce': None}, 'DENT/ETH': {'symbol': 'DENT/ETH', 'bids': [[4.176e-07, 2500.0], [4.175e-07, 11980.0], [4.045e-07, 327730.0], [4.044e-07, 13070.0], [4e-07, 144500.0], [3.963e-07, 412880.0], [3.95e-07, 5413610.0], [3.931e-07, 8725920.0], [3.875e-07, 36740020.0], [3.811e-07, 36516840.0]], 'asks': [[5.18e-07, 388360.0], [5.198e-07, 5293690.0], [5.212e-07, 7933580.0], [5.308e-07, 35929810.0], [5.531e-07, 36551940.0], [5.659e-07, 37222660.0], [5.781e-07, 37993560.0], [5.886e-07, 36575770.0], [7.719e-07, 40.0], [7.723e-07, 40.0]], 'timestamp': 1711986991374, 'datetime': '2024-04-01T15:56:31.374Z', 'nonce': None}, 'CELR/USDT': {'symbol': 'CELR/USDT', 'bids': [[0.03050356, 1980.0], [0.03050355, 2510.0], [0.02810007, 17840.0], [0.02810004, 1030.0], [0.0281, 10.0], [0.02129704, 40.0], [0.02129696, 10.0], [0.02029696, 10.0], [0.01935929, 10330.0], [0.01929696, 20.0]], 'asks': [[0.0319697, 158360.0], [0.03198987, 230620.0], [0.03201912, 280750.0], [0.03205167, 360470.0], [0.03210772, 499520.0], [0.03215197, 658090.0], [0.03438683, 530.0], [0.03471588, 530.0], [0.03511586, 20.0], [0.03576336, 3000.0]], 'timestamp': 1711986991402, 'datetime': '2024-04-01T15:56:31.402Z', 'nonce': None}, 'SC/BTC': {'symbol': 'SC/BTC', 'bids': [[1.3829e-07, 76320.0], [1.3793e-07, 1068940.0], [1.3776e-07, 1411010.0], [1.375e-07, 200.0], [1.3743e-07, 1763610.0], [1.3707e-07, 47690.0], [1.3706e-07, 1900230.0], [1.3696e-07, 1816490.0], [1.3629e-07, 1772050.0], [1.3111e-07, 3700.0]], 'asks': [[1.3922e-07, 69090.0], [1.395e-07, 883970.0], [1.4017e-07, 1481580.0], [1.4045e-07, 980.0], [1.406e-07, 1979200.0], [1.408e-07, 1943510.0], [1.418e-07, 2164020.0], [1.4519e-07, 1924080.0], [1.683e-07, 380.0], [1.744e-07, 3670.0]], 'timestamp': 1711986991417, 'datetime': '2024-04-01T15:56:31.417Z', 'nonce': None}, 'CCE/ETH': {'symbol': 'CCE/ETH', 'bids': [[4.2e-08, 34.0], [1e-09, 5387.0]], 'asks': [[1.95e-05, 13157.0], [2.5e-05, 429.0], [9.9998e-05, 19.0], [0.0001, 1988.0], [0.000183, 2000.0]], 'timestamp': 1711530001694, 'datetime': '2024-03-27T09:00:01.694Z', 'nonce': None}, 'AGLD/USDT': {'symbol': 'AGLD/USDT', 'bids': [[1.63183, 10.17], [1.62938, 12.99], [1.28269, 128.19], [1.28268, 2182.96], [1.28091, 4242.24], [1.2778, 8114.99], [1.27638, 18641.11], [1.27304, 3385.89], [1.26685, 5940.45], [1.26495, 1634.81]], 'asks': [[1.63417, 10.49], [1.63499, 441.35], [1.63509, 10.27], [1.6359, 456.37], [1.63613, 1802.07], [1.63662, 12.41], [1.63754, 12.46], [1.6381, 1861.86], [1.63834, 3700.83], [1.63894, 4601.46]], 'timestamp': 1711986991224, 'datetime': '2024-04-01T15:56:31.224Z', 'nonce': None}, 'CRV/ETH': {'symbol': 'CRV/ETH', 'bids': [[0.00018553, 1144.6], [0.00018511, 13383.7], [0.0001848, 22124.2], [0.00018433, 56278.6], [0.00018413, 51651.2], [0.00018384, 52540.2], [0.00018354, 57561.5], [0.00018323, 56222.1], [0.00018282, 54673.3], [0.0001756, 68.0]], 'asks': [[0.00019285, 0.3], [0.00019469, 0.3], [0.00031874, 333.4], [0.00033096, 0.3], [0.00179999, 23.3], [0.0018, 1.0]], 'timestamp': 1711986990907, 'datetime': '2024-04-01T15:56:30.907Z', 'nonce': None}, 'RSR/USDT': {'symbol': 'RSR/USDT', 'bids': [[0.01104689, 1760.0], [0.01103031, 2200.0], [0.01037395, 20.0], [0.01027562, 20.0], [0.00986453, 5670.0], [0.00986452, 1360.0], [0.00986448, 25780.0], [0.00855677, 65920.0], [0.00851533, 3406290.0], [0.00850077, 5805540.0]], 'asks': [[0.01105411, 1780.0], [0.01106019, 76930.0], [0.01106756, 1720.0], [0.01106793, 307650.0], [0.01107069, 2260.0], [0.01107398, 771040.0], [0.01107592, 80360.0], [0.01108372, 2240.0], [0.01108826, 1204420.0], [0.01109091, 332140.0]], 'timestamp': 1711986991585, 'datetime': '2024-04-01T15:56:31.585Z', 'nonce': None}, 'ILV/BTC': {'symbol': 'ILV/BTC', 'bids': [[0.0015008, 5.811], [0.0015007, 4.171], [0.0015, 0.19], [0.0012, 0.19], [0.0010001, 0.27], [0.001, 0.105], [0.0006501, 0.015], [0.00065, 0.7], [0.0005751, 1.72], [0.0003753, 0.47]], 'asks': [[0.0032588, 1.037], [0.0032589, 0.556], [0.0032598, 1.06], [0.0032832, 0.063], [0.00454, 0.04], [0.0064, 0.05], [0.0075678, 0.058], [0.0084003, 0.033], [0.0092, 0.04], [0.0188445, 1.836]], 'timestamp': 1711986991243, 'datetime': '2024-04-01T15:56:31.243Z', 'nonce': None}, 'QTUM/BTC': {'symbol': 'QTUM/BTC', 'bids': [[6.446e-05, 154.6], [6.443e-05, 3.31], [6.437e-05, 2133.84], [6.434e-05, 162.16], [6.433e-05, 2972.85], [6.429e-05, 3.31], [6.427e-05, 4239.71], [6.426e-05, 159.35], [6.424e-05, 616.88], [6.421e-05, 595.7]], 'asks': [[6.465e-05, 165.13], [6.471e-05, 2207.33], [6.474e-05, 3217.09], [6.476e-05, 4217.84], [6.479e-05, 4647.93], [6.481e-05, 4699.86], [6.483e-05, 4172.43], [6.486e-05, 4182.51], [6.662e-05, 0.07], [6.726e-05, 0.07]], 'timestamp': 1711986991403, 'datetime': '2024-04-01T15:56:31.403Z', 'nonce': None}