Timestamp,OrderBook
1711986988,"{'DUSK/BTC': {'symbol': 'DUSK/BTC', 'bids': [[7.699e-06, 34.86], [7.687e-06, 44.12], [6.862e-06, 97.88], [6.861e-06, 1309.79], [6.822e-06, 18570.91], [6.813e-06, 26894.61], [6.806e-06, 73694.71], [6.77e-06, 71660.58], [6.718e-06, 73621.91], [6.679e-06, 72766.13]], 'asks': [[7.711e-06, 32.51], [7.723e-06, 42.33], [7.725e-06, 1576.12], [7.742e-06, 1410.51], [7.752e-06, 18938.82], [7.755e-06, 5756.24], [7.765e-06, 25429.58], [7.773e-06, 14751.57], [7.786e-06, 91482.89], [7.797e-06, 85856.67]], 'timestamp': 1711986990905, 'datetime': '2024-04-01T15:56:30.905Z', 'nonce': None}, 'SNT/USDT': {'symbol': 'SNT/USDT', 'bids': [[0.0462352, 1049.0], [0.0461412, 3145.0], [0.0460369, 6283.0], [0.0460285, 21408.0], [0.0459276, 16851.0], [0.0456315, 62532.0], [0.0456297, 125947.0], [0.0454841, 212692.0], [0.0454248, 214738.0], [0.0454205, 593.0]], 'asks': [[0.0464478, 1043.0], [0.0465219, 3206.0], [0.0465481, 6340.0], [0.0465759, 16029.0], [0.0468049, 20602.0], [0.0469906, 428.0], [0.0470038, 62599.0], [0.0470047, 182012.0], [0.0471463, 126700.0], [0.0472748, 330503.0]], 'timestamp': 1711986991137, 'datetime': '2024-04-01T15:56:31.137Z', 'nonce': None}, 'CGPT/USDT': {'symbol': 'CGPT/USDT', 'bids': [[0.340001, 4.0], [0.34, 115.0], [0.300002, 64.0], [0.300001, 83.0], [0.25, 400.0], [0.08, 1250.0], [0.05, 66.0], [0.04, 70.0], [0.02705, 1.0], [0.027016, 466.0]], 'asks': [[0.45986, 9.0], [0.459861, 560.0], [0.46, 3.0], [0.5, 205.0], [0.55, 320.0], [1.51, 30.0], [4.0, 1.0], [5.0, 1.0], [333.0, 1.0], [998.9999, 2.0]], 'timestamp': 1711976571020, 'datetime': '2024-04-01T13:02:51.020Z', 'nonce': None}, 'VEO/BTC': {'symbol': 'VEO/BTC', 'bids': [[6e-06, 323.785], [5e-06, 13.429], [3e-06, 66.666], [2e-06, 17.733], [1e-06, 231.4]], 'asks': [[1e-05, 14.258], [1.4e-05, 10.0], [4.9e-05, 4.166], [0.000165, 0.004], [0.000169, 0.468], [0.000199, 3.123], [0.000488, 39.215], [0.000489, 61.254], [0.00049, 31.803], [0.00099, 0.195]], 'timestamp': 1711986769258, 'datetime': '2024-04-01T15:52:49.258Z', 'nonce': None}, 'PTOY/ETH': {'symbol': 'PTOY/ETH', 'bids': [[3.17e-07, 2.0], [3.16e-07, 3129.0], [2.15e-07, 9302.0], [1.76e-07, 6543.0], [1.75e-07, 11428.0], [1.15e-07, 53263.0], [1.14e-07, 19436.0], [1.03e-07, 19417.0], [1.01e-07, 9900.0], [6.4e-08, 19388.0]], 'asks': [[4e-06, 15.0], [6e-06, 1.0], [8.205e-06, 1.0], [8.206e-06, 153.0], [9.893e-06, 2.0], [1.0036e-05, 2.0], [1.053e-05, 1.0], [1.0792e-05, 1.0], [1.2469e-05, 1.0], [1.5027e-05, 1.0]], 'timestamp': 1711983677774, 'datetime': '2024-04-01T15:01:17.774Z', 'nonce': None}, 'REN/BTC': {'symbol': 'REN/BTC', 'bids': [[1.5099e-06, 712.0], [1.5098e-06, 167.0], [1.5068e-06, 204.0], [1.4145e-06, 1.0], [1.3763e-06, 1.0], [1.3392e-06, 1.0], [1.177e-06, 40.0], [1.0601e-06, 1.0], [1.01e-06, 101.0], [8e-07, 250.0]], 'asks': [[1.5355e-06, 1.0], [1.5674e-06, 18.0], [1.578e-06, 1.0], [1.5824e-06, 18.0], [1.6218e-06, 1.0], [1.6668e-06, 1.0], [1.713e-06, 1.0], [1.7605e-06, 1.0], [1.8014e-06, 2.0], [1.8094e-06, 1.0]], 'timestamp': 1711986991421, 'datetime': '2024-04-01T15:56:31.421Z', 'nonce': None}, 'DAPP/EOS': {'symbol': 'DAPP/EOS', 'bids': [[0.00019, 2000.0], [4.501e-05, 4443.0], [1e-05, 20000.0], [4.6e-06, 43478.0], [1.01e-06, 7233103.0], [1e-06, 300000.0], [4.6e-07, 434782.0], [4.2e-07, 476190.0], [1e-07, 3000000.0], [6e-08, 1666666.0]], 'asks': [[0.011, 82583.0], [0.01149989, 306.0], [0.0141393, 947.0], [0.0151393, 594.0], [0.0161393, 812.0], [0.01617, 761.0], [0.01861393, 828.0], [0.018788, 1346.0], [0.019, 678.0], [0.069, 1406.0]], 'timestamp': 1711976592183, 'datetime': '2024-04-01T13:03:12.183Z', 'nonce': None}, 'PENDLE/USDT': {'symbol': 'PENDLE/USDT', 'bids': [[5.2285, 4.6], [5.2259, 212.3], [5.2207, 6.1], [5.2197, 834.5], [5.2138, 2165.9], [5.2068, 210.4], [5.2051, 840.7], [5.2034, 5.6], [4.7968, 8.5], [4.7967, 7929.2]], 'asks': [[5.2316, 4.9], [5.2349, 207.4], [5.2374, 877.9], [5.2401, 6.1], [5.2418, 2070.3], [5.2456, 3243.7], [5.2458, 2964.8], [5.2483, 3966.5], [5.2494, 4323.5], [5.2539, 5476.3]], 'timestamp': 1711986991536, 'datetime': '2024-04-01T15:56:31.536Z', 'nonce': None}, 'COMBO/BTC': {'symbol': 'COMBO/BTC', 'bids': [[1.0789e-05, 5.06], [1.0788e-05, 10.0], [1.07e-05, 1.0], [1.0166e-05, 0.5], [1.0001e-05, 3.49], [1e-05, 100.0], [9.1e-06, 3.0], [7.1e-06, 4.0], [5.1e-06, 5.0], [3.1e-06, 10.0]], 'asks': [[1.6016e-05, 41.25], [1.6025e-05, 95.28], [1.8815e-05, 0.04], [1.9815e-05, 0.04], [2.0815e-05, 0.04], [2.1815e-05, 0.04], [2.2815e-05, 0.04], [2.3815e-05, 0.04], [2.4815e-05, 0.04], [2.5815e-05, 0.04]], 'timestamp': 1711986990295, 'datetime': '2024-04-01T15:56:30.295Z', 'nonce': None}, 'GLMR/USDT': {'symbol': 'GLMR/USDT', 'bids': [[0.37108, 42.4], [0.37025, 4.6], [0.34334, 204.7], [0.34333, 72.7], [0.33004, 41491.0], [0.32825, 40987.1], [0.32717, 17143.4], [0.32551, 44021.9], [0.32528, 88299.2], [0.32501, 36924.6]], 'asks': [[0.45124, 994.7], [0.45165, 28.9], [0.45195, 1304.7], [0.45226, 4899.4], [0.45233, 37.6], [0.45271, 13166.6], [0.45324, 19941.2], [0.45348, 8580.7], [0.45358, 24473.1], [0.45415, 13595.9]], 'timestamp': 1711986991588, 'datetime': '2024-04-01T15:56:31.588Z', 'nonce': None}, 'HYDRA/USDT': {'symbol': 'HYDRA/USDT', 'bids': [[0.724922, 116.3], [0.717618, 131.8], [0.711043, 35.1], [0.710314, 147.3], [0.70301, 162.8], [0.695706, 178.4], [0.688402, 193.9], [0.681098, 209.4], [0.673794, 224.9], [0.66649, 240.4]], 'asks': [[0.735878, 783.6], [0.743182, 888.1], [0.750486, 992.6], [0.75779, 1097.1], [0.765094, 1201.5], [0.772398, 1306.0], [0.779702, 1410.5], [0.787006, 1515.0], [0.79431, 1619.5], [0.801614, 1724.0]], 'timestamp': 1711986892505, 'datetime': '2024-04-01T15:54:52.505Z', 'nonce': None}, 'TRX/USDT': {'symbol': 'TRX/USDT', 'bids': [[0.120066, 761.0], [0.1200659, 5263.0], [0.120062, 416.0], [0.1200599, 20821.0], [0.1200514, 56423.0], [0.120046, 637.0], [0.1200439, 115.0], [0.1200369, 82666.0], [0.1200319, 5191.0], [0.1200187, 22400.0]], 'asks': [[0.1200661, 115.0], [0.1200797, 5201.0], [0.1201087, 20843.0], [0.1201121, 117.0], [0.1201241, 5321.0], [0.1201291, 55394.0], [0.1201301, 22637.0], [0.120147, 51956.0], [0.1201541, 79161.0], [0.120162, 30577.0]], 'timestamp': 1711986991604, 'datetime': '2024-04-01T15:56:31.604Z', 'nonce': None}, 'BNX/BTC': {'symbol': 'BNX/BTC', 'bids': [[9e-08, 42.84], [8e-08, 0.67]], 'asks': [[1e-05, 0.4], [1.25e-05, 0.1], [1.5e-05, 0.1], [1.75e-05, 0.1], [2e-05, 0.1], [2.249e-05, 0.05], [2.25e-05, 0.1], [2.5e-05, 0.1], [3e-05, 0.1], [3.5e-05, 0.1]], 'timestamp': 1711986976148, 'datetime': '2024-04-01T15:56:16.148Z', 'nonce': None}, 'EDG/BTC': {'symbol': 'EDG/BTC', 'bids': [[7.1e-08, 0.3], [7e-08, 8.6], [6.9e-08, 9.9], [6.8e-08, 24.8], [6.7e-08, 84.4], [6.6e-08, 5.0], [6.5e-08, 9.2], [6.4e-08, 82582.4], [6.3e-08, 13702.0], [6.2e-08, 2.0]], 'asks': [[7.6e-08, 0.7], [7.7e-08, 1.2], [7.8e-08, 5.8], [7.9e-08, 0.5], [8e-08, 2.5], [8.1e-08, 2.4], [8.2e-08, 1.7], [8.3e-08, 1.2], [8.4e-08, 0.9], [8.5e-08, 1.2]], 'timestamp': 1711983446713, 'datetime': '2024-04-01T14:57:26.713Z', 'nonce': None}, 'GLEEC/USDT': {'symbol': 'GLEEC/USDT', 'bids': [[0.011051, 4524.4], [0.010982, 13027.2], [0.010923, 17096.6], [0.010774, 8159.0], [0.010687, 896.5], [0.010686, 2969.1], [0.010601, 1000.0], [0.0106, 5176.4], [0.01054, 7594.2], [0.010531, 4743.0]], 'asks': [[0.011896, 2018.9], [0.011897, 921.7], [0.012033, 174.5], [0.0122, 2.6], [0.012216, 843.1], [0.01246, 2123.0], [0.012873, 31373.2], [0.012874, 1616.9], [0.012876, 2723.8], [0.012963, 710.6]], 'timestamp': 1711986990511, 'datetime': '2024-04-01T15:56:30.511Z', 'nonce': None}, 'NEO/EURS': {'symbol': 'NEO/EURS', 'bids': [[1.00001, 0.06], [0.02, 0.3], [0.01, 10.0], [0.0006, 0.04], [0.0005, 0.05], [0.0004, 0.05], [0.0003, 0.05], [0.0002, 0.05], [0.00011, 90981.24], [0.0001, 1000.05]], 'asks': [[99.89111, 2.0], [99.89112, 1.19], [99.9, 20.45], [99.9999, 0.01]], 'timestamp': 1711986607037, 'datetime': '2024-04-01T15:50:07.037Z', 'nonce': None}, 'NWC/USDT': {'symbol': 'NWC/USDT', 'bids': [[0.1450001, 137.0], [0.145, 36.0], [0.1421499, 55.0], [0.1421498, 175.0], [0.14, 55.0], [0.131, 30.0], [0.13, 25.0], [0.12, 25.0], [0.02, 1.0], [0.0181032, 55.0]], 'asks': [[0.1673828, 109.0], [0.1684685, 457.0], [0.1684686, 124.0], [0.1694078, 111.0], [0.1707631, 128.0], [0.1721292, 120.0], [0.1735062, 105.0], [0.1748943, 121.0], [0.1760435, 136.0], [0.1772359, 92.0]], 'timestamp': 1711986967632, 'datetime': '2024-04-01T15:56:07.632Z', 'nonce': None}, 'LEO/USDT': {'symbol': 'LEO/USDT', 'bids': [[1.470444, 1.0], [1.470443, 0.3], [1.470441, 0.7], [1.47, 5.0], [1.206739, 22.3], [1.052136, 97.9], [1.052135, 106.7], [1.0, 0.2], [0.8712, 0.1], [0.550002, 8.1]], 'asks': [[5.880597, 3.1], [5.880598, 0.1], [5.939999, 1.0], [6.0, 0.2], [6.906414, 23.3], [6.906415, 14.6], [6.92, 0.1], [7.0, 1.0], [9.7788, 1.0], [12.78, 0.2]], 'timestamp': 1711986991153, 'datetime': '2024-04-01T15:56:31.153Z', 'nonce': None}, 'MDT/BTC': {'symbol': 'MDT/BTC', 'bids': [[1.488e-06, 6800.0], [1.485e-06, 95610.0], [1.482e-06, 143477.0], [1.48e-06, 68752.0], [1.477e-06, 67401.0], [1.476e-06, 66276.0], [1.439e-06, 70735.0], [5.5e-07, 500.0], [5e-07, 1.0], [4.48e-07, 1976.0]], 'asks': [[2.541e-06, 2893.0], [2.542e-06, 2338.0]], 'timestamp': 1711986990725, 'datetime': '2024-04-01T15:56:30.725Z', 'nonce': None}, 'TRX/USDD': {'symbol': 'TRX/USDD', 'bids': [[0.044, 251.0], [0.033916, 2550.0], [0.033915, 528.0], [0.006102, 16.0], [0.0061, 25.0], [0.006001, 699.0], [0.006, 220.0], [1e-06, 109967.0]], 'asks': [[79.999955, 3.0], [79.999981, 3.0], [79.999999, 1.0], [80.0, 5.0], [100.973992, 1.0], [114.045086, 1.0], [127.427796, 1.0], [177.792781, 1.0], [196.999992, 1.0], [220.0, 1.0]], 'timestamp': 1711986990026, 'datetime': '2024-04-01T15:56:30.026Z', 'nonce': None}, 'ETHBNT/BTC': {'symbol': 'ETHBNT/BTC', 'bids': [[2.505e-05, 9.9], [2.5002e-05, 5.0], [2.5001e-05, 10.0], [2.4001e-05, 5.2], [2.4e-05, 4.8], [2.3002e-05, 14.0], [2.3001e-05, 29.0], [2.3e-05, 475.0], [2.1056e-05, 30.0], [2.1054e-05, 1301.0]], 'asks': [[3e-05, 0.5], [3.0843e-05, 0.6], [3.12e-05, 0.4], [3.1445e-05, 0.6], [3.1647e-05, 1.0], [3.1852e-05, 0.8], [3.2153e-05, 0.4], [3.2511e-05, 0.5], [3.2987e-05, 0.4], [3.3186e-05, 0.6]], 'timestamp': 1711986330914, 'datetime': '2024-04-01T15:45:30.914Z', 'nonce': None}, 'XMC/ETH': {'symbol': 'XMC/ETH', 'bids': [[4.2e-06, 0.01], [4.1e-06, 13.56], [4e-06, 5.06], [3.9e-06, 1.09], [3.8e-06, 4.2], [3.7e-06, 114.61], [3.6e-06, 1.29], [3.5e-06, 3.49], [3.4e-06, 1.25], [3.3e-06, 1.1]], 'asks': [[4.7e-06, 6.46], [4.8e-06, 5.3], [4.9e-06, 3.81], [5e-06, 1.65], [5.1e-06, 1.75], [5.2e-06, 0.51], [5.3e-06, 0.51], [5.4e-06, 0.02], [5.6e-06, 0.02], [5.7e-06, 0.02]], 'timestamp': 1711983999851, 'datetime': '2024-04-01T15:06:39.851Z', 'nonce': None}, 'TRX/USDC': {'symbol': 'TRX/USDC', 'bids': [[0.12006, 416.0], [0.120053, 119.0], [0.119974, 5592.0], [0.119921, 5585.0], [0.119873, 156.0], [0.119863, 76200.0], [0.1198, 21311.0], [0.119699, 112055.0], [0.119498, 712898.0], [0.11946, 688681.0]], 'asks': [[0.120137, 126.0], [0.120166, 5954.0], [0.120255, 80772.0], [0.120317, 154.0], [0.120446, 122721.0], [0.120537, 485763.0], [0.120761, 327.0], [0.120762, 441686.0], [0.121217, 440723.0], [0.121684, 426791.0]], 'timestamp': 1711986990823, 'datetime': '2024-04-01T15:56:30.823Z', 'nonce': None}, 'SKL/USDT': {'symbol': 'SKL/USDT', 'bids': [[0.086977, 0.1], [0.086976, 243.7], [0.086949, 857390.5], [0.086748, 832.6], [0.086747, 211432.3], [0.086524, 100369.2], [0.086154, 750774.5], [0.085824, 246689.3], [0.084131, 86582.7], [0.081829, 112317.6]], 'asks': [[0.115272, 146.8], [0.115346, 151.8], [0.115369, 6811.6], [0.115409, 27106.3], [0.115419, 6343.3], [0.115444, 188.9], [0.115449, 63135.4], [0.115519, 182.2], [0.115558, 25462.5], [0.115559, 101902.3]], 'timestamp': 1711986991204, 'datetime': '2024-04-01T15:56:31.204Z', 'nonce': None}, 'BONE/USDT': {'symbol': 'BONE/USDT', 'bids': [[0.8001, 2.1], [0.8, 3.4], [0.4, 7.5], [0.0201, 28.0], [0.02, 2500.0], [0.0111, 0.5], [0.0051, 500.0], [0.0025, 4000.0], [0.0005, 5000.0], [0.0002, 0.5]], 'asks': [[5.0, 0.1], [9.9999, 10.3], [10.0, 5.3], [20.0, 0.1], [30.0, 0.1], [40.0, 0.1], [50.0, 0.1], [60.0, 0.1], [70.0, 0.1], [80.0, 0.1]], 'timestamp': 1711986988904, 'datetime': '2024-04-01T15:56:28.904Z', 'nonce': None}, 'PASS/ETH': {'symbol': 'PASS/ETH', 'bids': [[8.08e-08, 10720.0], [7.08e-08, 14120.0], [6.02e-08, 16610.0], [5.8e-08, 17240.0], [4.62e-08, 21640.0], [3.64e-08, 15430.0], [3.61e-08, 30.0], [2.62e-08, 38210.0], [2.06e-08, 48590.0], [1e-08, 50.0]], 'asks': [[8.94e-08, 31510.0], [8.95e-08, 10.0], [8.97e-08, 10.0], [8.98e-08, 10.0], [8.99e-08, 10.0], [9e-08, 10.0], [1e-07, 10.0], [2e-07, 10.0], [3e-07, 10.0], [4e-07, 10.0]], 'timestamp': 1711986991418, 'datetime': '2024-04-01T15:56:31.418Z', 'nonce': None}, 'LINK/HIT': {'symbol': 'LINK/HIT', 'bids': [[63.89, 0.002], [0.58, 41.0], [0.01, 0.755]], 'asks': [], 'timestamp': 1711538379000, 'datetime': '2024-03-27T11:19:39.000Z', 'nonce': None}, 'MANA/USDC': {'symbol': 'MANA/USDC', 'bids': [[0.61606, 23.0], [0.61592, 1105.1], [0.61576, 1040.3], [0.61514, 30.8], [0.61489, 13764.4], [0.61407, 22847.9], [0.61345, 30030.7], [0.61266, 31150.0], [0.6119, 34849.6], [0.61043, 34261.0]], 'asks': [[0.61754, 22.6], [0.61763, 1122.8], [0.61818, 13817.4], [0.61846, 30.4], [0.61862, 23490.2], [0.61942, 35384.1], [0.61946, 39554.6], [0.62, 39347.1], [0.62036, 39039.7], [0.62087, 38944.1]], 'timestamp': 1711986991004, 'datetime': '2024-04-01T15:56:31.004Z', 'nonce': None}, 'DODO/USDT': {'symbol': 'DODO/USDT', 'bids': [[0.23311, 13.74], [0.23131, 13.85], [0.22953, 13.96], [0.22776, 14.07], [0.22601, 14.17], [0.22427, 14.28], [0.22254, 14.4], [0.22083, 14.51], [0.21913, 14.62], [0.21744, 14.73]], 'asks': [[0.23412, 1538.17], [0.23423, 56.08], [0.23448, 2665.38], [0.23455, 70.99], [0.23467, 10741.18], [0.23493, 26524.55], [0.23513, 37266.75], [0.23527, 51215.21], [0.23664, 69144.64], [0.2372, 13.64]], 'timestamp': 1711986991486, 'datetime': '2024-04-01T15:56:31.486Z', 'nonce': None}, 'XEM/ETH': {'symbol': 'XEM/ETH', 'bids': [[1.2847e-05, 7709.0], [1.2846e-05, 7557.0], [1.2506e-05, 52.0], [1.2387e-05, 52.0], [1e-05, 100.0], [7.286e-06, 89.0], [6.769e-06, 295.0], [4.769e-06, 419.0], [3.004e-06, 243.0], [2.769e-06, 722.0]], 'asks': [[1.4189e-05, 8.0], [1.4325e-05, 8.0], [1.6924e-05, 327.0], [1.6925e-05, 2.0], [1.9722e-05, 8.0], [2.0039e-05, 50.0], [2.3486e-05, 2.0], [2.4e-05, 1.0], [2.4099e-05, 3667.0], [2.41e-05, 35292.0]], 'timestamp': 1711986991552, 'datetime': '2024-04-01T15:56:31.552Z', 'nonce': None}, 'NCT/BTC': {'symbol': 'NCT/BTC', 'bids': [[1.7367e-07, 400.0], [1.5e-07, 4900.0], [1.3527e-07, 600.0], [1.2e-07, 3900.0], [1.1e-07, 3900.0], [1.0253e-07, 800.0], [1.0101e-07, 4700.0], [1e-07, 2700.0], [8.086e-08, 8610.0], [8.085e-08, 1200.0]], 'asks': [[4.5489e-07, 110.0], [4.5825e-07, 280.0], [4.82e-07, 130.0], [4.88e-07, 10.0], [4.887e-07, 10.0], [4.8877e-07, 10.0], [4.8878e-07, 20.0], [5.75e-07, 150.0], [8.33e-07, 120.0], [8.6387e-07, 400.0]], 'timestamp': 1711986989648, 'datetime': '2024-04-01T15:56:29.648Z', 'nonce': None}, 'KEY/BTC': {'symbol': 'KEY/BTC', 'bids': [[1.3807e-07, 110.0], [1.3806e-07, 6240.0], [1.3805e-07, 40290.0], [1.3695e-07, 535400.0], [1.3607e-07, 802010.0], [1.3553e-07, 878180.0], [1.2415e-07, 30.0], [8.893e-08, 20.0], [6.941e-08, 330.0], [6.52e-08, 10.0]], 'asks': [[2.7999e-07, 370.0], [2.8e-07, 10.0], [2.9e-07, 10.0], [2.99e-07, 1010.0], [2.999e-07, 10.0], [2.9998e-07, 10.0], [3e-07, 1100.0], [4.8401e-07, 1350.0], [5e-07, 10.0], [5.4581e-07, 81810.0]], 'timestamp': 1711986987482, 'datetime': '2024-04-01T15:56:27.482Z', 'nonce': None}, 'UNIBOT/USDT': {'symbol': 'UNIBOT/USDT', 'bids': [[8.25, 3.872], [8.11, 0.1], [8.08, 3.0833], [8.01, 0.11], [8.0, 0.0126], [7.91, 0.12], [5.01, 2.0], [4.01, 0.2], [3.01, 0.3], [2.01, 0.5]], 'asks': [[98.97, 0.0036], [99.0, 0.0001], [299.99, 0.0322], [300.0, 0.1091], [352.0, 0.0001], [29990.0, 0.0001], [300000.0, 0.0001], [30000000.0, 0.0001]], 'timestamp': 1711986929052, 'datetime': '2024-04-01T15:55:29.052Z', 'nonce': None}, 'WIN/BTC': {'symbol': 'WIN/BTC', 'bids': [[2.3e-09, 4913600.0], [2.29e-09, 64110000.0], [2.28e-09, 97043700.0], [2.27e-09, 29363800.0], [2.24e-09, 493500.0], [2.23e-09, 32475100.0], [2.15e-09, 100.0], [2.12e-09, 500.0], [1.95e-09, 31952300.0], [1.5e-09, 100.0]], 'asks': [[2.64e-09, 100.0], [2.71e-09, 100.0], [2.78e-09, 100.0], [2.79e-09, 1800.0], [2.83e-09, 100.0], [2.86e-09, 5000.0], [2.9e-09, 100.0], [2.96e-09, 100.0], [2.97e-09, 83200.0], [3.05e-09, 100.0]], 'timestamp': 1711986991531, 'datetime': '2024-04-01T15:56:31.531Z', 'nonce': None}, 'AAVE/USDT:USDT': {'symbol': 'AAVE/USDT:USDT', 'bids': [[125.291, 4.74], [125.279, 10.58], [125.271, 518.52], [125.27, 35.46], [125.269, 135.93], [125.264, 9.64], [125.222, 160.26], [125.214, 28.39], [125.203, 5.78], [125.188, 24.76]], 'asks': [[125.594, 4.15], [125.607, 10.46], [125.618, 38.22], [125.622, 9.21], [125.635, 29.26], [125.659, 39.67], [125.665, 22.86], [125.681, 3.3], [125.683, 5.92], [125.689, 6.71]], 'timestamp': 1711986991643, 'datetime': '2024-04-01T15:56:31.643Z', 'nonce': None}, 'MANA/USDT': {'symbol': 'MANA/USDT', 'bids': [[0.6168792, 24.0], [0.6168691, 22.0], [0.6168038, 1087.0], [0.6166383, 22.0], [0.6162809, 6317.0], [0.6161903, 28.0], [0.6159987, 9435.0], [0.6159596, 29.0], [0.6157102, 12808.0], [0.6156886, 13594.0]], 'asks': [[0.6170617, 22.0], [0.6171309, 23.0], [0.6171926, 1023.0], [0.6171957, 1057.0], [0.61737, 4329.0], [0.6174051, 4160.0], [0.6174897, 6023.0], [0.6176926, 9356.0], [0.6176946, 11436.0], [0.6177265, 10847.0]], 'timestamp': 1711986991533, 'datetime': '2024-04-01T15:56:31.533Z', 'nonce': None}, 'VOW/USDT': {'symbol': 'VOW/USDT', 'bids': [[0.467121, 31.5], [0.46712, 47.0], [0.456875, 106.5], [0.456672, 55.6], [0.276701, 35.4], [0.2767, 1810.6], [0.275009, 1.8], [0.13, 16.0], [0.12, 16.0], [0.11, 16.0]], 'asks': [[0.514, 102.5], [0.52, 880.0], [0.56, 25.0], [0.683968, 14.9], [0.683969, 352.8], [0.71813, 0.5], [0.8, 2857.4], [1.0, 120.9], [1.0432, 932.2], [1.192021, 11.4]], 'timestamp': 1711986687084, 'datetime': '2024-04-01T15:51:27.084Z', 'nonce': None}, 'Super Bitcoin/BTC': {'symbol': 'Super Bitcoin/BTC', 'bids': [[4.26e-06, 19.89], [4.25e-06, 1.0], [4.03e-06, 0.01], [4.01e-06, 28.75], [4e-06, 51.0], [3.5e-06, 0.07], [3e-06, 1.0], [2.01e-06, 49.76], [2e-06, 1.0], [1e-06, 1.0]], 'asks': [[6.16e-06, 5.2], [6.25e-06, 0.1], [6.5e-06, 0.1], [6.65e-06, 23.9], [6.66e-06, 27.0], [7.39e-06, 0.01], [7.49e-06, 0.01], [7.5e-06, 0.1], [7.59e-06, 0.01], [7.69e-06, 0.01]], 'timestamp': 1711986661155, 'datetime': '2024-04-01T15:51:01.155Z', 'nonce': None}, 'SWAP/USDT': {'symbol': 'SWAP/USDT', 'bids': [[0.00101, 31261.8], [0.001, 1.3], [0.00039, 11341.7], [0.00038, 65723.7], [0.00012, 832.5], [0.0001, 17.0], [2e-05, 200000.0], [1e-05, 299999.9]], 'asks': [[99999999999.0, 0.1]], 'timestamp': 1711976566115, 'datetime': '2024-04-01T13:02:46.115Z', 'nonce': None}, 'BCUG/ETH': {'symbol': 'BCUG/ETH', 'bids': [[1.001e-05, 10.0], [1e-05, 10.0], [3.02e-06, 33.11], [3e-06, 4000.0], [1.01e-06, 99.0], [1e-06, 100.0], [1.1e-07, 454.54], [1e-07, 1000.0], [3e-08, 1666.66], [2e-08, 54983.0]], 'asks': [[2.399e-05, 55.3], [2.4e-05, 0.01], [2.5e-05, 0.01], [2.6e-05, 0.01], [2.7e-05, 0.01], [2.8e-05, 0.01], [2.9e-05, 0.01], [3e-05, 0.01], [3.1e-05, 0.01], [3.2e-05, 0.01]], 'timestamp': 1711986991331, 'datetime': '2024-04-01T15:56:31.331Z', 'nonce': None}, 'LRC/USDC': {'symbol': 'LRC/USDC', 'bids': [[0.362081, 74.0], [0.36189, 1698.0], [0.361889, 1713.0], [0.361708, 2016.0], [0.361537, 94.0], [0.361337, 6671.0], [0.361319, 6790.0], [0.336315, 90.0], [0.336314, 25541.0], [0.328507, 41017.0]], 'asks': [[0.362719, 37.0], [0.363263, 48.0], [0.363488, 2005.0], [0.363902, 26111.0], [0.364538, 42251.0], [0.364906, 64383.0], [0.365515, 61536.0], [0.366023, 60078.0], [0.366071, 62652.0], [0.366496, 60291.0]], 'timestamp': 1711986991008, 'datetime': '2024-04-01T15:56:31.008Z', 'nonce': None}, 'VANRY/BTC': {'symbol': 'VANRY/BTC', 'bids': [[6.01e-07, 484.8], [6e-07, 101.5], [5.04e-07, 107.1], [5e-07, 0.1], [4e-07, 30.0], [3.5e-07, 30.0], [3e-07, 30.0], [2.5e-07, 40.0], [2e-07, 50.0], [1.5e-07, 100.0]], 'asks': [[4.042e-06, 208.6], [4.043e-06, 29.1], [4.9e-06, 32.9], [5.555e-06, 31.2], [6e-06, 10.0], [6.555e-06, 5.0], [6.888e-06, 10.0], [7e-06, 5.0], [7.555e-06, 10.0], [7.888e-06, 10.0]], 'timestamp': 1711986836887, 'datetime': '2024-04-01T15:53:56.887Z', 'nonce': None}, 'ENS/USDC': {'symbol': 'ENS/USDC', 'bids': [[0.003, 500.0], [0.002, 500.0], [0.001, 1200.0]], 'asks': [], 'timestamp': 1711530001694, 'datetime': '2024-03-27T09:00:01.694Z', 'nonce': None}, 'VEMP/USDC': {'symbol': 'VEMP/USDC', 'bids': [[0.07, 1.0], [0.04, 1.0], [0.029998, 1.0], [0.02, 1.0], [0.01976, 1.0], [0.007976, 4.0], [0.004485, 4.0], [0.004403, 4.0], [0.004319, 3.0], [0.004246, 3.0]], 'asks': [[0.299981, 890.0], [9.999985, 39.0], [10.0, 1.0], [20.0, 1.0], [30.0, 1.0], [40.0, 1.0], [50.0, 1.0], [60.0, 1.0], [99.999998, 5.0], [100.0, 1.0]], 'timestamp': 1711979580648, 'datetime': '2024-04-01T13:53:00.648Z', 'nonce': None}, 'VGX/USDT': {'symbol': 'VGX/USDT', 'bids': [[0.113388, 149.1], [0.113239, 6816.4], [0.113218, 189.7], [0.113105, 27147.5], [0.05218, 8.0], [0.034036, 1794.4], [0.034035, 1171.9], [0.032188, 6.2], [0.021882, 9.1], [0.01882, 10.6]], 'asks': [[0.113512, 145.8], [0.113576, 6833.6], [0.113682, 194.1], [0.113725, 25946.5], [0.113912, 68411.6], [0.114266, 98108.0], [0.114554, 131813.8], [0.114757, 165522.9], [0.116666, 245170.6], [0.116871, 0.1]], 'timestamp': 1711986991224, 'datetime': '2024-04-01T15:56:31.224Z', 'nonce': None}, 'ANKR/BTC': {'symbol': 'ANKR/BTC', 'bids': [[9.1991e-07, 1990.0], [9.199e-07, 333.0], [9.1943e-07, 14554.0], [9.1915e-07, 62437.0], [9.1887e-07, 155756.0], [9.1849e-07, 437.0], [8.5102e-07, 116.0], [8.4296e-07, 118.0], [8.4172e-07, 10589.0], [8.4171e-07, 10853.0]], 'asks': [[9.301e-07, 344.0], [9.3056e-07, 14353.0], [9.3084e-07, 62936.0], [9.3112e-07, 154701.0], [9.314e-07, 220903.0], [9.3149e-07, 431.0], [9.3164e-07, 11834.0], [9.33e-07, 143852.0], [9.3341e-07, 306450.0], [9.3393e-07, 228758.0]], 'timestamp': 1711986991304, 'datetime': '2024-04-01T15:56:31.304Z', 'nonce': None}, 'XLM/USDT:USDT': {'symbol': 'XLM/USDT:USDT', 'bids': [[0.13319, 3000.0], [0.13318, 7055.0], [0.13317, 2097.0], [0.13316, 15898.0], [0.13315, 598.0], [0.13314, 4390.0], [0.13313, 807.0], [0.13312, 15200.0], [0.13311, 15767.0], [0.1331, 15111.0]], 'asks': [[0.1332, 15197.0], [0.13321, 12826.0], [0.13322, 21544.0], [0.13323, 19582.0], [0.13324, 19582.0], [0.13325, 45554.0], [0.13326, 13112.0], [0.13327, 13112.0], [0.13328, 111591.0], [0.13329, 29807.0]], 'timestamp': 1711986991617, 'datetime': '2024-04-01T15:56:31.617Z', 'nonce': None}, 'CEL/USDT': {'symbol': 'CEL/USDT', 'bids': [[0.305084, 69.0], [0.304741, 91.0], [0.000236, 542188.0], [0.000235, 29935.0], [5e-06, 20005.0], [4e-06, 15603.0], [3e-06, 333338.0]], 'asks': [[0.305816, 69.0], [0.306091, 3101.0], [0.306256, 86.0], [0.306404, 11873.0], [0.306965, 11476.0], [0.307485, 32759.0], [0.307685, 19387.0], [0.308701, 23624.0], [0.309543, 30862.0], [0.312986, 36474.0]], 'timestamp': 1711986991502, 'datetime': '2024-04-01T15:56:31.502Z', 'nonce': None}, 'FLIP/USDT': {'symbol': 'FLIP/USDT', 'bids': [[1.6012, 18.73], [1.5968, 1.08], [1.1548, 2.89], [1.1547, 38.72], [0.0112, 8.91], [0.0111, 200.0], [0.0011, 2000.0], [0.0001, 30248.78]], 'asks': [[5.6483, 0.16], [8.0, 0.01], [24.0, 1.28], [177.0, 0.5], [66666.0, 0.01], [999999999999.9999, 0.01]], 'timestamp': 1711986980581, 'datetime': '2024-04-01T15:56:20.581Z', 'nonce': None}, 'ENS/USDT': {'symbol': 'ENS/USDT', 'bids': [[20.1651, 5.498], [18.4765, 9.034], [18.4764, 5146.927], [18.3363, 3689.763], [18.3293, 1592.411], [18.2819, 1494.877], [18.1981, 784.675], [18.1894, 35.829], [18.172, 2322.122], [18.0225, 455.842]], 'asks': [[20.5271, 0.691], [20.5321, 0.689], [20.5381, 30.778], [20.5424, 29.77], [20.5486, 119.184], [20.5518, 120.899], [20.5579, 0.859], [20.561, 322.203], [20.5621, 311.766], [20.5629, 0.849]], 'timestamp': 1711986991467, 'datetime': '2024-04-01T15:56:31.467Z', 'nonce': None}, 'SUKU/BTC': {'symbol': 'SUKU/BTC', 'bids': [[5.88e-07, 19.8], [5.87e-07, 1399.1], [5.86e-07, 1798.1], [1.4e-08, 9634.5], [1e-08, 100.5], [1e-09, 135659.5]], 'asks': [[3.279e-06, 234.3], [3.322e-06, 393.6], [3.323e-06, 1681.1], [5.89e-06, 0.4], [9.9e-06, 32.0], [2.3406e-05, 15.0]], 'timestamp': 1711986990725, 'datetime': '2024-04-01T15:56:30.725Z', 'nonce': None}, 'LOOM/ETH': {'symbol': 'LOOM/ETH', 'bids': [[9.001e-06, 1.0], [9e-06, 95.0], [8.453e-06, 100.0], [1.936e-06, 73963.0], [1.935e-06, 2081.0], [1.005e-06, 4115.0], [1e-06, 100.0], [8.35e-07, 4824.0], [2.16e-07, 5.0], [2.14e-07, 5.0]], 'asks': [[6.9999e-05, 58.0], [7e-05, 4.0], [8e-05, 1.0], [8.4e-05, 1.0], [8.6e-05, 1.0], [8.8e-05, 1.0], [8.9e-05, 1.0], [9e-05, 1.0], [9.2e-05, 1.0], [9.4e-05, 1.0]], 'timestamp': 1711986983069, 'datetime': '2024-04-01T15:56:23.069Z', 'nonce': None}, 'GHST/BTC': {'symbol': 'GHST/BTC', 'bids': [[1.5048e-05, 56.09], [1.5047e-05, 286.37], [1.5001e-05, 0.01], [1.4001e-05, 0.01], [1.3001e-05, 0.01], [1.2186e-05, 77.68], [1.2156e-05, 48.07], [1.2001e-05, 0.02], [1.1001e-05, 0.01], [1.0697e-05, 0.01]], 'asks': [[2.6e-05, 0.01], [2.7e-05, 0.01], [2.8e-05, 0.01], [2.9e-05, 0.01], [2.99e-05, 0.01], [2.999e-05, 0.01], [2.9998e-05, 0.01], [2.9999e-05, 0.01], [3e-05, 0.01], [3.345e-05, 0.01]], 'timestamp': 1711986991590, 'datetime': '2024-04-01T15:56:31.590Z', 'nonce': None}, 'ZEC/USDT': {'symbol': 'ZEC/USDT', 'bids': [[28.3285, 0.693], [28.3271, 0.472], [28.3185, 0.693], [28.2695, 22.231], [28.2441, 27.132], [28.242, 0.596], [28.2378, 88.098], [28.2226, 229.872], [28.2101, 326.962], [28.1951, 416.356]], 'asks': [[28.3429, 0.479], [28.3761, 0.693], [28.3923, 99.583], [28.4032, 159.254], [28.4047, 21.665], [28.4084, 91.934], [28.415, 226.695], [28.4154, 224.112], [28.4245, 251.972], [28.4279, 0.625]], 'timestamp': 1711986991441, 'datetime': '2024-04-01T15:56:31.441Z', 'nonce': None}, 'SYN/USDT': {'symbol': 'SYN/USDT', 'bids': [[0.9991, 20.0], [0.999, 16.0], [0.9988, 1.7], [0.4543, 60.3], [0.4542, 54.9], [0.3622, 54.9], [0.01, 0.5], [0.004, 0.5], [0.003, 0.5], [0.002, 0.5]], 'asks': [[1.2076, 1.1], [1.2094, 11.1], [1.2105, 518.6], [1.2112, 14.7], [1.2128, 2039.3], [1.2162, 5269.8], [1.2248, 7737.2], [1.2376, 10547.2], [1.68, 1.5], [1.84, 1.5]], 'timestamp': 1711986991399, 'datetime': '2024-04-01T15:56:31.399Z', 'nonce': None}, 'FXS/BTC': {'symbol': 'FXS/BTC', 'bids': [[0.00010332, 1.97], [0.00010322, 2.49], [0.00010011, 0.01], [0.0001001, 0.2], [0.00010003, 0.01], [0.00010002, 0.01], [4.4e-05, 1.0], [3.105e-05, 106.53], [2.4e-05, 2.0], [6e-06, 35.0]], 'asks': [[0.00016872, 0.01], [0.00016999, 0.01], [0.00017335, 0.01], [0.00017589, 16.63], [0.000176, 41.84], [0.00017872, 0.01], [0.00018215, 0.01], [0.00018777, 0.01], [0.00019979, 0.02], [0.0001998, 0.01]], 'timestamp': 1711986991172, 'datetime': '2024-04-01T15:56:31.172Z', 'nonce': None}, 'DAV/ETH': {'symbol': 'DAV/ETH', 'bids': [[9.28e-08, 10.0], [8.77e-08, 20.0], [7.71e-08, 136160.0], [6.53e-08, 15310.0], [5.3e-08, 18860.0], [3.19e-08, 1090.0], [3.18e-08, 31440.0], [2.18e-08, 45870.0], [2.04e-08, 69430.0], [1.36e-08, 73520.0]], 'asks': [[1.615e-07, 10.0], [1.627e-07, 10.0], [1.651e-07, 10.0], [1.67e-07, 10.0], [1.691e-07, 10.0], [1.714e-07, 10.0], [1.723e-07, 10.0], [1.73e-07, 10.0], [1.809e-07, 56900.0], [4.999e-07, 10.0]], 'timestamp': 1711986815724, 'datetime': '2024-04-01T15:53:35.724Z', 'nonce': None}, 'Penta/BTC': {'symbol': 'Penta/BTC', 'bids': [[4e-11, 18308500.0], [3e-11, 145858900.0], [2e-11, 5264100.0], [1e-11, 26911800.0]], 'asks': [[5e-11, 22185100.0], [6e-11, 14592800.0], [7e-11, 1244400.0], [8e-11, 13042200.0], [9e-11, 534600.0], [1e-10, 10566900.0], [1.1e-10, 2072000.0], [1.2e-10, 17182100.0], [1.3e-10, 91600.0], [1.4e-10, 3554600.0]], 'timestamp': 1711807453335, 'datetime': '2024-03-30T14:04:13.335Z', 'nonce': None}, 'HIVE/USDT': {'symbol': 'HIVE/USDT', 'bids': [[0.26439, 6.59], [0.2643, 1895.57], [0.25, 187.06], [0.24999, 99.9], [0.22159, 0.63], [0.2103, 0.08], [0.12586, 2.76], [0.1186, 341.4], [0.1, 1.0], [0.01, 10.0]], 'asks': [[0.39503, 112.5], [0.39564, 38.4], [0.39602, 1623.43], [0.39624, 47.32], [0.39637, 6865.18], [0.39704, 16745.61], [0.39961, 25811.25], [0.40347, 34232.75], [0.42354, 0.03], [0.44051, 0.38]], 'timestamp': 1711986991527, 'datetime': '2024-04-01T15:56:31.527Z', 'nonce': None}, 'APE/ETH': {'symbol': 'APE/ETH', 'bids': [[0.000533, 4815.291], [0.000532, 7781.509], [0.000531, 5093.607], [0.00053, 10258.05], [0.000529, 9586.465], [0.000502, 3.984], [0.000402, 4.975], [0.000314, 60.318], [0.000313, 6.389], [0.000273, 7.326]], 'asks': [[0.000539, 376.716], [0.00054, 4495.863], [0.000541, 8062.314], [0.000542, 9473.225], [0.000543, 6746.153], [0.006162, 0.003], [0.006192, 0.006], [0.006202, 0.002], [0.006294, 0.001], [0.006304, 0.003]], 'timestamp': 1711986990437, 'datetime': '2024-04-01T15:56:30.437Z', 'nonce': None}, 'ZSC/USDT': {'symbol': 'ZSC/USDT', 'bids': [[0.00013634, 12770.0], [0.00013633, 2085760.0], [0.00013632, 3675170.0], [0.000135, 150000.0], [0.0001225, 204070.0], [0.00012, 765000.0], [0.0001, 20.0], [9.633e-05, 220220.0], [7e-05, 250000.0], [6.631e-05, 206730.0]], 'asks': [[0.000396, 1690.0], [0.0004, 12790.0], [0.0005349, 102840.0], [0.0005666, 50000.0], [0.00056665, 3230.0], [0.00057999, 30960.0], [0.000602, 2200.0], [0.00062989, 10.0], [0.00067997, 4020.0], [0.00068813, 100.0]], 'timestamp': 1711986976086, 'datetime': '2024-04-01T15:56:16.086Z', 'nonce': None}, 'LRC/USDT': {'symbol': 'LRC/USDT', 'bids': [[0.362381, 37.0], [0.362363, 37.0], [0.3622, 1637.0], [0.361973, 7007.0], [0.361837, 49.0], [0.361819, 48.0], [0.360864, 2020.0], [0.36064, 1661.0], [0.360277, 48.0], [0.326178, 130.0]], 'asks': [[0.362737, 36.0], [0.362917, 1732.0], [0.363078, 6785.0], [0.363281, 47.0], [0.363326, 17372.0], [0.363582, 24824.0], [0.363625, 13177.0], [0.363823, 34454.0], [0.363894, 11609.0], [0.364051, 20420.0]], 'timestamp': 1711986991198, 'datetime': '2024-04-01T15:56:31.198Z', 'nonce': None}, 'FLR/USDT': {'symbol': 'FLR/USDT', 'bids': [[0.037563, 219214.0], [0.037458, 324105.0], [0.037229, 432599.0], [0.036945, 475738.0], [0.036934, 811.0], [0.036213, 1795.0], [0.036212, 616367.0], [0.036031, 818621.0], [0.017, 5.0], [0.011332, 2130.0]], 'asks': [[0.037782, 438.0], [0.037808, 20256.0], [0.037836, 78800.0], [0.037839, 546.0], [0.037876, 117587.0], [0.037903, 205085.0], [0.037976, 201283.0], [0.03799, 294721.0], [0.038041, 283755.0], [0.038134, 382406.0]], 'timestamp': 1711986991603, 'datetime': '2024-04-01T15:56:31.603Z', 'nonce': None}, 'PLR/USDT': {'symbol': 'PLR/USDT', 'bids': [[0.0030016, 6655.0], [0.0030015, 580.0], [0.0030001, 7524.0], [0.003, 44553.0], [0.0019579, 116314.0], [0.0019577, 5108.0], [0.0019575, 61.0], [0.0013405, 729.0], [0.0013321, 375.0], [0.001331, 4.0]], 'asks': [[0.0047, 1.0], [0.0048, 1.0], [0.0049, 1.0], [0.005, 1.0], [0.0051, 1.0], [0.0052, 1.0], [0.0053, 1.0], [0.0054, 1.0], [0.0055, 1.0], [0.0056, 1.0]], 'timestamp': 1711986890135, 'datetime': '2024-04-01T15:54:50.135Z', 'nonce': None}, 'FIL/USDT': {'symbol': 'FIL/USDT', 'bids': [[9.1465, 1.587], [9.1449, 11.062], [9.144, 1.584], [9.1425, 72.776], [9.1409, 299.185], [9.1373, 737.457], [9.1362, 1433.5], [9.1345, 1078.736], [9.134, 2.084], [9.1301, 1842.546]], 'asks': [[9.1476, 1.672], [9.1479, 70.061], [9.1485, 1.633], [9.1489, 11.062], [9.149, 296.689], [9.1541, 736.13], [9.1553, 1117.074], [9.157, 2.02], [9.1586, 1461.64], [9.1596, 570.627]], 'timestamp': 1711986991540, 'datetime': '2024-04-01T15:56:31.540Z', 'nonce': None}, 'TEL/ETH': {'symbol': 'TEL/ETH', 'bids': [[2.041e-07, 28000.0], [2.04e-07, 400.0], [2.028e-07, 9000.0], [1.928e-07, 10000.0], [1.005e-07, 400.0], [1e-07, 1000.0], [5.26e-08, 1900.0], [5.25e-08, 1026700.0], [5.24e-08, 34500.0], [4.87e-08, 410600.0]], 'asks': [[1.7994e-06, 10000.0], [1.7998e-06, 100.0], [1.8e-06, 600.0], [1.9998e-06, 20500.0], [1.9999e-06, 67400.0], [2e-06, 100.0], [2.7795e-06, 100.0], [2.7797e-06, 4000.0], [5.0215e-06, 100.0], [5.0216e-06, 100.0]], 'timestamp': 1711985118969, 'datetime': '2024-04-01T15:25:18.969Z', 'nonce': None}, 'FIL/USDC': {'symbol': 'FIL/USDC', 'bids': [[9.1455, 1.64], [9.1363, 71.78], [9.1332, 84.54], [9.1298, 2.02], [9.128, 288.83], [9.113, 1479.82], [9.111, 766.07], [9.1048, 1003.0], [9.1012, 4900.0], [9.0975, 1139.17]], 'asks': [[9.1535, 1.66], [9.1559, 75.47], [9.1646, 949.46], [9.1672, 2.05], [9.1763, 1574.69], [9.1863, 2.04], [9.1864, 3198.45], [9.1873, 3079.68], [9.1949, 2860.36], [9.2078, 2833.7]], 'timestamp': 1711986991597, 'datetime': '2024-04-01T15:56:31.597Z', 'nonce': None}, 'LOKA/USDT': {'symbol': 'LOKA/USDT', 'bids': [[0.32932, 65.9], [0.32931, 50.3], [0.13556, 0.1], [0.13555, 73.7], [0.1355, 0.3], [0.135, 30.0], [0.1212, 111.7], [0.099, 20.2], [0.09859, 0.2], [1e-05, 100000.0]], 'asks': [[0.4, 13.9], [0.4044, 11.4], [0.40462, 39.6], [0.40507, 48.1], [0.40521, 1694.5], [0.40612, 6928.6], [0.40943, 18370.6], [0.41229, 27301.3], [0.41263, 36577.3], [0.41295, 1367.8]], 'timestamp': 1711986991588, 'datetime': '2024-04-01T15:56:31.588Z', 'nonce': None}, 'XVS/USDT': {'symbol': 'XVS/USDT', 'bids': [[16.5837, 0.144], [16.4467, 1.994], [16.4466, 293.294], [16.4419, 7.875], [16.4286, 450.659], [16.3907, 531.924], [16.383, 665.782], [16.3771, 863.957], [16.3527, 1216.346], [16.3274, 1.652]], 'asks': [[18.7344, 0.047], [18.8285, 0.008], [19.6818, 0.048], [19.7453, 0.008], [19.9, 0.1], [20.6293, 0.048], [20.6622, 0.009], [20.9, 0.18], [21.0, 0.356], [21.5767, 0.048]], 'timestamp': 1711986991420, 'datetime': '2024-04-01T15:56:31.420Z', 'nonce': None}, 'FLUX/USDT': {'symbol': 'FLUX/USDT', 'bids': [[0.9561, 19.58], [0.9544, 1.8], [0.6589, 535.57], [0.6588, 38.23], [0.6587, 20.86], [0.6511, 921.51], [0.4495, 15.97], [0.3657, 90.96], [0.2995, 7.96], [0.2679, 0.1]], 'asks': [[1.2101, 0.05], [1.22, 11.17], [1.2209, 512.05], [1.2218, 13.87], [1.223, 2040.65], [1.2248, 5224.27], [1.2266, 7305.17], [1.228, 543.81], [1.2287, 9522.26], [1.2307, 12469.03]], 'timestamp': 1711986991488, 'datetime': '2024-04-01T15:56:31.488Z', 'nonce': None}, 'BAND/USDT': {'symbol': 'BAND/USDT', 'bids': [[2.07, 7.186], [2.069, 299.648], [2.068, 8.612], [1.967, 0.064], [1.948, 0.064], [1.146, 0.109], [1.121, 0.253], [1.12, 0.446], [0.621, 94.54], [0.002, 634.097]], 'asks': [[2.073, 7.149], [2.074, 1578.081], [2.076, 3071.533], [2.078, 4680.568], [2.081, 7934.083], [2.082, 4904.514], [2.084, 2850.424], [2.086, 3578.948], [2.087, 4490.061], [2.089, 4150.371]], 'timestamp': 1711986991584, 'datetime': '2024-04-01T15:56:31.584Z', 'nonce': None}, 'MXC/USDT': {'symbol': 'MXC/USDT', 'bids': [[0.01851, 77.0], [0.0185, 3.0], [0.018, 7.0], [0.017, 15.0], [0.016, 2.0], [0.01103, 90.0], [0.01, 10.0], [0.00904, 55420.0], [0.00898, 1671.0], [0.00829, 21.0]], 'asks': [[0.03438, 4368.0], [0.03441, 8127.0], [0.03465, 919.0], [0.045, 46.0], [0.05, 25.0], [0.06, 600.0], [0.06847, 366.0], [0.15769, 984.0], [0.19, 599.0], [0.1959, 1021.0]], 'timestamp': 1711986990839, 'datetime': '2024-04-01T15:56:30.839Z', 'nonce': None}, 'CND/BTC': {'symbol': 'CND/BTC', 'bids': [[9.1e-09, 25394.0], [8.9e-09, 63191.0], [8.4e-09, 93.0], [8.3e-09, 30.0], [7.5e-09, 13353.0], [5e-09, 1.0], [2.9e-09, 75.0], [2.8e-09, 35714.0], [1.7e-09, 5126233.0], [1.5e-09, 10505157.0]], 'asks': [[1.15e-08, 1.0], [1.17e-08, 1.0], [1.18e-08, 1.0], [1.19e-08, 1.0], [1.2e-08, 1.0], [1.21e-08, 1.0], [1.23e-08, 1.0], [1.24e-08, 1.0], [1.25e-08, 1.0], [1.26e-08, 1.0]], 'timestamp': 1711986989422, 'datetime': '2024-04-01T15:56:29.422Z', 'nonce': None}, 'SNX/ETH': {'symbol': 'SNX/ETH', 'bids': [[0.0011678, 176.0], [0.0011677, 0.54], [0.0011567, 0.55], [0.0011431, 10.76], [0.001143, 174.67], [0.0011411, 2057.41], [0.0011405, 3232.39], [0.0011368, 8481.07], [0.0011343, 8601.61], [0.0011322, 9209.06]], 'asks': [[0.0012631, 173.63], [0.0012649, 2264.13], [0.0012667, 3417.95], [0.001268, 8985.33], [0.0012701, 10581.14], [0.0012725, 19933.5], [0.0012749, 9758.81], [0.0012989, 0.29], [0.0013113, 0.29], [0.0020911, 0.12]], 'timestamp': 1711986990507, 'datetime': '2024-04-01T15:56:30.507Z', 'nonce': None}, 'USDZ/USDT': {'symbol': 'USDZ/USDT', 'bids': [[1.41e-07, 2272000.0], [1.4e-07, 225470000.0], [1.39e-07, 82280000.0], [1.15e-07, 8695000.0], [1.1e-07, 6000.0], [1.04e-07, 170000.0], [1.03e-07, 136000.0], [1.02e-07, 252000.0], [1.01e-07, 98000.0], [1e-07, 100000.0]], 'asks': [[1.63e-07, 40000.0], [1.68e-07, 47000.0], [1.69e-07, 15466000.0], [1.7e-07, 266838000.0], [1.84e-07, 1000.0], [1.94e-07, 70001000.0], [1.95e-07, 32361000.0], [2.05e-07, 1000.0], [2.15e-07, 1000.0], [2.25e-07, 1000.0]], 'timestamp': 1711980091237, 'datetime': '2024-04-01T14:01:31.237Z', 'nonce': None}, 'SNT/USDC': {'symbol': 'SNT/USDC', 'bids': [[0.04602, 14378.0], [0.045551, 192992.0], [0.045316, 311783.0], [0.045233, 16074.0], [0.045145, 16124.0], [0.045055, 17466.0], [0.044967, 16996.0], [0.013902, 3130.0], [0.013901, 1075.0], [0.008355, 1.0]], 'asks': [[0.046585, 14827.0], [0.047034, 189171.0], [0.047215, 300914.0], [0.047306, 137123.0], [0.047394, 122568.0], [0.047496, 135170.0], [0.078775, 1075.0], [9999999999.999998, 1.0]], 'timestamp': 1711986991457, 'datetime': '2024-04-01T15:56:31.457Z', 'nonce': None}, 'FLUX/USDC': {'symbol': 'FLUX/USDC', 'bids': [[0.36575, 38.9], [0.10049, 12.0], [0.00015, 199106.2], [0.00014, 165.3], [0.0001, 423.2], [2e-05, 2643.9]], 'asks': [[1.22248, 543.8], [1.22705, 7356.4], [1.23007, 10568.5], [1.23365, 13007.6], [1.23905, 14430.0], [1.24107, 12055.6], [1.24843, 13812.8], [2.07263, 38.9]], 'timestamp': 1711986990823, 'datetime': '2024-04-01T15:56:30.823Z', 'nonce': None}, 'ADA/HIT': {'symbol': 'ADA/HIT', 'bids': [[2.35, 12608.2], [2.34, 49.94], [2.33, 32672.32], [2.31, 49459.71], [2.29, 11557.75], [2.27, 14017.76], [2.25, 13508.53], [2.23, 12158.96], [2.21, 11621.7], [2.19, 12280.05]], 'asks': [[2.39, 13564.75], [2.41, 29260.33], [2.42, 46708.1], [2.44, 14042.22], [2.46, 13052.11], [2.49, 11858.15], [2.51, 12812.06], [2.53, 11884.82], [2.55, 12653.25], [2.56, 0.5]], 'timestamp': 1711986977963, 'datetime': '2024-04-01T15:56:17.963Z', 'nonce': None}, 'IDH/BTC': {'symbol': 'IDH/BTC', 'bids': [[3.02e-09, 90.0], [3.01e-09, 299940.0], [1.98e-09, 500.0], [1.2e-09, 10.0], [1.8e-10, 16386160.0], [1.7e-10, 8823520.0], [1.5e-10, 97000.0], [7e-11, 3503140.0], [6e-11, 30.0], [5e-11, 3700050.0]], 'asks': [[4.51e-09, 259850.0], [4.81e-09, 259850.0], [5.11e-09, 259850.0], [5.41e-09, 259850.0], [5.71e-09, 259850.0], [6.01e-09, 259850.0], [6.19e-09, 190000.0], [6.2e-09, 11160.0], [6.3e-09, 32900.0], [6.31e-09, 449850.0]], 'timestamp': 1711986796350, 'datetime': '2024-04-01T15:53:16.350Z', 'nonce': None}, 'CHR/BTC': {'symbol': 'CHR/BTC', 'bids': [[5.0001e-06, 58.1], [5e-06, 0.1], [4.5e-06, 0.8], [4.2e-06, 23.9], [1e-10, 964235.0]], 'asks': [], 'timestamp': 1711986817112, 'datetime': '2024-04-01T15:53:37.112Z', 'nonce': None}, 'SEI/USDT': {'symbol': 'SEI/USDT', 'bids': [[0.76422, 17.1], [0.76414, 813.7], [0.76407, 3048.8], [0.76381, 7834.1], [0.76369, 11866.5], [0.76338, 22.8], [0.76312, 15423.8], [0.76283, 20330.2], [0.76248, 27908.7], [0.76, 803.4]], 'asks': [[0.76448, 17.6], [0.76456, 759.6], [0.76474, 3045.6], [0.76507, 7595.6], [0.76532, 22.4], [0.76535, 12134.6], [0.76552, 16243.8], [0.76565, 21818.5], [0.76584, 26939.4], [0.76628, 38042.4]], 'timestamp': 1711986991585, 'datetime': '2024-04-01T15:56:31.585Z', 'nonce': None}, 'SDAO/USDT': {'symbol': 'SDAO/USDT', 'bids': [[0.73833, 28.1], [0.73811, 1.5], [0.73647, 2.3], [0.36056, 0.1], [0.36055, 69.2], [0.3302, 0.1], [0.3001, 3.3], [2e-05, 9647.3], [1e-05, 100000.0]], 'asks': [[0.99208, 23.0], [0.99238, 3.8], [1.087, 0.8], [5.0, 0.1], [88.0, 1.1], [99.0, 0.1], [500.0, 0.1]], 'timestamp': 1711986991266, 'datetime': '2024-04-01T15:56:31.266Z', 'nonce': None}, '1INCH/BTC': {'symbol': '1INCH/BTC', 'bids': [[8.479e-06, 25.7], [8.472e-06, 2400.0], [8.469e-06, 34.9], [8.459e-06, 16522.6], [8.439e-06, 26378.1], [8.428e-06, 34440.9], [8.362e-06, 37741.4], [8.186e-06, 722.7], [8.185e-06, 36535.9], [8.066e-06, 35920.6]], 'asks': [[8.503e-06, 1335.6], [8.513e-06, 15299.0], [8.529e-06, 23363.7], [8.534e-06, 53266.6], [8.542e-06, 54958.2], [8.554e-06, 45431.9], [8.571e-06, 54495.8], [8.596e-06, 47660.0], [8.775e-06, 1.0], [8.859e-06, 1.0]], 'timestamp': 1711986990611, 'datetime': '2024-04-01T15:56:30.611Z', 'nonce': None}, 'MEME/USDT': {'symbol': 'MEME/USDT', 'bids': [[0.04097, 42.0], [0.040478, 100456.0], [0.040433, 155904.0], [0.040404, 233482.0], [0.04038, 250077.0], [0.040377, 388829.0], [0.04031, 473598.0], [0.03, 166.0], [0.024856, 81.0], [0.019706, 85.0]], 'asks': [[0.8, 267.0], [0.9, 5.0], [0.91, 200.0], [0.919999, 159.0], [0.92, 1000.0], [3.0, 11.0], [6.0, 6.0], [26.0, 6.0], [177.0, 4.0], [222.0, 3.0]], 'timestamp': 1711986990712, 'datetime': '2024-04-01T15:56:30.712Z', 'nonce': None}, 'CHAT/BTC': {'symbol': 'CHAT/BTC', 'bids': [[7e-10, 710.0], [6.6e-10, 100.0], [6e-10, 16000.0], [5.5e-10, 110.0], [5e-10, 20000.0], [4.9e-10, 10000.0], [4.4e-10, 20000.0], [4e-10, 25000.0], [3.7e-10, 20000.0], [3.3e-10, 30000.0]], 'asks': [[9.8e-10, 100.0], [1.07e-09, 200.0], [1.08e-09, 10.0], [1.18e-09, 10.0], [1.28e-09, 10.0], [1.38e-09, 10.0], [1.48e-09, 10.0], [1.58e-09, 10.0], [1.68e-09, 10.0], [1.78e-09, 10.0]], 'timestamp': 1711983743080, 'datetime': '2024-04-01T15:02:23.080Z', 'nonce': None}, 'ANC/USDT': {'symbol': 'ANC/USDT', 'bids': [[0.0045, 327.4], [0.004, 0.5], [0.003309, 303.1], [0.003051, 163.8], [0.00305, 418.8], [0.003003, 753.9], [0.00215, 10.0], [0.00011, 50.0], [3e-06, 0.1], [2e-06, 430.4]], 'asks': [[0.019799, 2.0], [0.019999, 78.4], [0.02, 200029.7], [0.024, 0.1], [0.025, 0.1], [0.026, 0.1], [0.026001, 995.6], [0.027498, 128.8], [0.028, 95.9], [0.048998, 9.1]], 'timestamp': 1711986977914, 'datetime': '2024-04-01T15:56:17.914Z', 'nonce': None}, 'TOMI/USDT': {'symbol': 'TOMI/USDT', 'bids': [[0.3123, 160.09], [0.3122, 5.52], [0.27, 0.37], [0.2525, 0.1], [0.0201, 58.14], [0.02, 400.0], [0.0104, 20.0], [0.0027, 2763.95], [0.0003, 24875.62], [0.0002, 300.0]], 'asks': [[0.9555, 0.02], [0.956, 7.93], [1.1, 0.01], [1.5, 0.04], [4.8, 8.65], [5.0, 0.01], [6.0, 0.01], [7.0, 0.01], [8.0, 0.01], [9.0, 0.01]], 'timestamp': 1711986989069, 'datetime': '2024-04-01T15:56:29.069Z', 'nonce': None}, 'WBTC/USDC': {'symbol': 'WBTC/USDC', 'bids': [[63518.0, 0.010086], [63081.0, 0.143903], [62810.0, 0.00083], [62809.0, 0.195514], [62559.0, 0.210245], [62340.0, 0.196764], [62064.0, 0.18093], [61752.0, 0.175759], [20529.0, 0.000543], [10094.0, 1.2e-05]], 'asks': [[68614.0, 0.00998], [68731.0, 0.123856], [68897.0, 0.199171], [69077.0, 0.0702], [69093.0, 0.061814], [69310.0, 0.066907], [69417.0, 0.063841], [116332.0, 0.000543]], 'timestamp': 1711986991192, 'datetime': '2024-04-01T15:56:31.192Z', 'nonce': None}, 'QKC/ETH': {'symbol': 'QKC/ETH', 'bids': [[3.18e-07, 94339.0], [3.14e-07, 3184.0], [1.86e-07, 5376.0], [1e-07, 1000.0], [9.5e-08, 23602.0], [9.4e-08, 9365.0], [8.8e-08, 227272.0], [8.6e-08, 11627.0], [4.5e-08, 22222.0], [3.2e-08, 31250.0]], 'asks': [[8.998e-06, 51780.0], [8.999e-06, 6938.0], [9e-06, 6.0], [9.906e-06, 20.0], [9.91e-06, 20.0], [9.915e-06, 20.0], [9.92e-06, 20.0], [9.925e-06, 20.0], [9.93e-06, 20.0], [9.934e-06, 20.0]], 'timestamp': 1711986981324, 'datetime': '2024-04-01T15:56:21.324Z', 'nonce': None}, 'ANKR/USDC': {'symbol': 'ANKR/USDC', 'bids': [[0.057442, 370.0], [0.057441, 11832.0], [0.05627, 139341.0], [0.056004, 239214.0], [0.055787, 199564.0], [0.055522, 223568.0], [0.055211, 202236.0], [0.054922, 211854.0], [0.054664, 193418.0], [0.054389, 226900.0]], 'asks': [[0.063706, 11825.0], [0.063792, 134231.0], [0.063847, 211183.0], [0.063937, 226149.0], [0.064034, 260272.0], [0.064128, 269666.0], [0.06413, 234775.0], [0.064201, 225353.0], [0.064286, 251599.0], [0.10775, 518.0]], 'timestamp': 1711986990823, 'datetime': '2024-04-01T15:56:30.823Z', 'nonce': None}, 'ATOM/BTC': {'symbol': 'ATOM/BTC', 'bids': [[0.00016818, 1.2], [0.00016807, 59.04], [0.00016801, 236.3], [0.00016799, 1.53], [0.00016794, 590.55], [0.00016783, 64.16], [0.00016778, 839.69], [0.00016766, 1125.82], [0.00016746, 713.03], [0.0001673, 1.54]], 'asks': [[0.00016832, 1.22], [0.00016834, 57.36], [0.00016842, 235.62], [0.00016851, 1.64], [0.00016853, 569.2], [0.0001686, 815.63], [0.00016871, 53.58], [0.00016873, 1061.75], [0.00016902, 1543.79], [0.00016904, 776.54]], 'timestamp': 1711986991271, 'datetime': '2024-04-01T15:56:31.271Z', 'nonce': None}, 'GLM/ETH': {'symbol': 'GLM/ETH', 'bids': [[6.928e-05, 5.8], [6.927e-05, 1.5], [6.852e-05, 1.6], [6.779e-05, 1.6], [6.705e-05, 0.1], [6.651e-05, 1.7], [6.549e-05, 2.3], [6.467e-05, 0.3], [6.404e-05, 0.9], [6.329e-05, 2.2]], 'asks': [[0.00018411, 0.4], [0.00018412, 0.1], [0.00018475, 0.1], [0.00018529, 0.2], [0.00018647, 0.3], [0.00018765, 0.3], [0.00018884, 0.3], [0.0001897, 0.1], [0.00019004, 0.2], [0.0001909, 0.1]], 'timestamp': 1711986991234, 'datetime': '2024-04-01T15:56:31.234Z', 'nonce': None}, 'HOT/USDT': {'symbol': 'HOT/USDT', 'bids': [[0.003162683, 4400.0], [0.003161633, 196000.0], [0.003159833, 827100.0], [0.003159202, 5700.0], [0.003156869, 1968700.0], [0.003154816, 2972400.0], [0.003151625, 3761900.0], [0.003145573, 4982600.0], [0.002989682, 83900.0], [0.002989681, 3900.0]], 'asks': [[0.003165317, 4400.0], [0.003166634, 201900.0], [0.003168042, 813900.0], [0.003169766, 2054100.0], [0.0031698, 5500.0], [0.003169943, 225300.0], [0.00317128, 1448700.0], [0.003172234, 3005400.0], [0.003173157, 2221700.0], [0.003174595, 2945900.0]], 'timestamp': 1711986991586, 'datetime': '2024-04-01T15:56:31.586Z', 'nonce': None}, 'EDG/USDT': {'symbol': 'EDG/USDT', 'bids': [[0.003809, 90292.6], [0.003808, 457.7], [0.0038, 100.0], [0.0037, 6850.0], [0.0036, 100.0], [0.0035, 100.0], [0.000804, 100000.0], [0.000575, 100000.0], [0.000532, 10300.0], [0.0005, 42.6]], 'asks': [[0.0052, 0.1], [0.0053, 0.1], [0.0054, 0.1], [0.005454, 183335.3], [0.00549, 0.1], [0.005499, 0.1], [0.0055, 100.0], [0.0056, 100.0], [0.0057, 100.0], [0.0058, 100.0]], 'timestamp': 1711986888447, 'datetime': '2024-04-01T15:54:48.447Z', 'nonce': None}, 'CORE/USDT': {'symbol': 'CORE/USDT', 'bids': [[0.8486, 20.9], [0.8035, 35.5], [0.8034, 38.1], [0.3003, 1694.0], [0.297, 0.1], [0.2033, 0.4], [0.005, 20.0], [0.0003, 20.0], [0.0002, 1937.5], [0.0001, 0.3]], 'asks': [[2.8313, 25.2], [2.8354, 30.8], [2.8357, 1128.9], [2.8371, 4183.8], [2.8416, 6401.9], [2.8423, 10662.5], [2.8457, 9764.9], [2.8489, 13157.4], [2.8494, 15719.0], [2.8533, 15844.4]], 'timestamp': 1711986991605, 'datetime': '2024-04-01T15:56:31.605Z', 'nonce': None}, 'BNK/USDT': {'symbol': 'BNK/USDT', 'bids': [[0.13781, 11.1], [0.13695, 3.5], [0.13116, 9.8], [0.12904, 13.9], [0.12625, 8.2], [0.073, 254.8], [0.06941, 2048.8], [0.0694, 2319.4], [0.06533, 294.1], [0.0641, 810.0]], 'asks': [[0.1583, 161.3], [0.15833, 3092.0], [0.25885, 131.3], [0.26766, 77.4], [0.27, 3.6], [0.27259, 19.4], [0.27924, 30.3], [0.28334, 311.9], [0.37785, 5.1], [0.3885, 234.4]], 'timestamp': 1711986901818, 'datetime': '2024-04-01T15:55:01.818Z', 'nonce': None}, 'IOTA/USDT': {'symbol': 'IOTA/USDT', 'bids': [[0.319268, 44.7], [0.319184, 44.8], [0.318943, 2079.8], [0.318788, 58.3], [0.318704, 55.2], [0.317357, 0.1], [0.314802, 123.1], [0.3148, 320.8], [0.307071, 1636.6], [0.30707, 32.0]], 'asks': [[0.319416, 45.4], [0.319432, 46.6], [0.319676, 2154.4], [0.319685, 2152.4], [0.31983, 8424.2], [0.31988, 18638.6], [0.319896, 57.7], [0.319897, 10470.9], [0.319912, 57.4], [0.319937, 8139.6]], 'timestamp': 1711986991548, 'datetime': '2024-04-01T15:56:31.548Z', 'nonce': None}, 'LINA/BTC': {'symbol': 'LINA/BTC', 'bids': [[1.575e-07, 999.0], [1.574e-07, 1654.8], [1.5e-07, 0.1], [1.111e-07, 0.1], [1.102e-07, 6939.1], [1.101e-07, 6200.0], [1.1e-07, 300.0], [1e-07, 10.0], [2.1e-08, 1000.0], [1.1e-08, 3000.0]], 'asks': [[1.966e-07, 129772.6], [1.968e-07, 49530.9], [1.977e-07, 746425.7], [1.979e-07, 1772.3], [1.98e-07, 1110552.8], [1.982e-07, 1233770.3], [1.985e-07, 1319795.6], [1.994e-07, 1273057.3], [1.998e-07, 1390057.1], [2.001e-07, 1151.3]], 'timestamp': 1711986990905, 'datetime': '2024-04-01T15:56:30.905Z', 'nonce': None}, 'TTCC/USDT': {'symbol': 'TTCC/USDT', 'bids': [[0.0006501, 59990.0], [0.00065, 100.0], [0.0006454, 3839.0], [0.0006389, 39090.0], [0.0006, 97.0], [0.00055, 100.0], [0.0005, 100.0], [0.00045, 100.0], [0.0004031, 1967.0], [0.0004, 100.0]], 'asks': [[0.00071, 16.0], [0.00075, 100.0], [0.0008, 100.0], [0.00081, 20.0], [0.0009, 116.0], [0.001, 100.0], [0.0012, 100.0], [0.0014, 100.0], [0.0016, 100.0], [0.0018, 100.0]], 'timestamp': 1711986679912, 'datetime': '2024-04-01T15:51:19.912Z', 'nonce': None}, 'D2T/USDT': {'symbol': 'D2T/USDT', 'bids': [[0.004858, 2058.0], [0.004853, 3434.0], [0.004848, 4813.0], [0.004814, 2492.0], [0.004806, 6935.0], [0.004798, 26538.0], [0.004782, 26627.0], [0.004766, 1258.0], [0.004717, 14133.0], [0.004669, 4359.0]], 'asks': [[0.004878, 64.0], [0.004912, 2442.0], [0.00492, 6775.0], [0.004928, 25838.0], [0.004944, 25755.0], [0.00496, 1209.0], [0.005009, 13309.0], [0.005058, 25174.0], [0.005106, 1175.0], [0.005187, 12852.0]], 'timestamp': 1711986905887, 'datetime': '2024-04-01T15:55:05.887Z', 'nonce': None}, 'CQT/USDT': {'symbol': 'CQT/USDT', 'bids': [[0.08458, 354.6], [0.08432, 20.4], [0.0745, 0.2], [0.01001, 117.8], [0.01, 8.7], [0.00011, 17004.9], [0.0001, 20000.0], [2e-05, 100000.0]], 'asks': [[0.68094, 6.5], [0.68134, 29.9], [0.68135, 53.0], [0.68196, 49.8], [0.75, 2.5], [1.88, 2.0], [4.99999, 0.1], [5.0, 0.3], [887.99999, 0.1], [888.0, 0.5]], 'timestamp': 1711986990269, 'datetime': '2024-04-01T15:56:30.269Z', 'nonce': None}, 'WRX/BTC': {'symbol': 'WRX/BTC', 'bids': [[2.0047e-06, 1100.6], [2.002e-06, 98.0], [1.7e-06, 199.0], [3.003e-07, 950.0], [3e-07, 17.1], [2e-07, 25.5], [1.98e-07, 25.2], [1.978e-07, 6001.3], [1e-07, 0.5], [9e-08, 0.5]], 'asks': [[9.735e-06, 21.0], [1.3067e-05, 48.9], [1.38242e-05, 1.0], [1.74102e-05, 33.8], [3.03338e-05, 27.7], [3.03882e-05, 0.2], [3.33626e-05, 0.1], [3.33827e-05, 0.1], [3.46e-05, 40.7], [4.89452e-05, 21.7]], 'timestamp': 1711986991308, 'datetime': '2024-04-01T15:56:31.308Z', 'nonce': None}, 'ETN/ETH': {'symbol': 'ETN/ETH', 'bids': [[8.05e-07, 140.0], [8.04e-07, 250.0], [7.54e-07, 170.0], [7.5e-07, 10.0], [7.3e-07, 10.0], [7.27e-07, 100.0], [6.16e-07, 400.0], [5.53e-07, 250.0], [5.06e-07, 350.0], [4.57e-07, 300.0]], 'asks': [[2.82e-06, 7800.0], [2.821e-06, 22400.0], [2.922e-06, 100.0], [2.969e-06, 300.0], [3.477e-06, 300.0], [3.939e-06, 400.0], [4.893e-06, 300.0], [4.942e-06, 100.0], [5e-06, 50.0], [5.12e-06, 10.0]], 'timestamp': 1711973045168, 'datetime': '2024-04-01T12:04:05.168Z', 'nonce': None}, 'COV/ETH': {'symbol': 'COV/ETH', 'bids': [[1.56e-06, 2.7], [1.55e-06, 645.1], [1.06e-06, 18.0], [1.05e-06, 45461.7], [1.03e-06, 945.1], [8.9e-07, 1123.5], [6.9e-07, 1449.2], [3.8e-07, 2631.5], [1.8e-07, 5555.5], [1.1e-07, 9756.4]], 'asks': [[1e-05, 0.1], [2e-05, 0.1], [3e-05, 0.1], [4e-05, 0.1], [5e-05, 0.1], [6e-05, 0.1], [7e-05, 0.1], [8e-05, 0.1], [9e-05, 0.1], [0.0001, 0.1]], 'timestamp': 1711979212138, 'datetime': '2024-04-01T13:46:52.138Z', 'nonce': None}, 'GRT/BTC': {'symbol': 'GRT/BTC', 'bids': [[5.327e-06, 1764.38], [5.325e-06, 24194.95], [5.321e-06, 35695.95], [5.319e-06, 48.8], [5.205e-06, 184440.05], [5.066e-06, 283.04], [5.065e-06, 177496.35], [5.004e-06, 178883.84], [4.973e-06, 153896.41], [4.945e-06, 163290.93]], 'asks': [[5.349e-06, 2063.54], [5.351e-06, 24727.08], [5.352e-06, 8737.23], [5.354e-06, 41331.26], [5.355e-06, 17769.77], [5.357e-06, 48.92], [5.36e-06, 175507.87], [5.365e-06, 195841.46], [5.366e-06, 26142.67], [5.37e-06, 169425.01]], 'timestamp': 1711986991400, 'datetime': '2024-04-01T15:56:31.400Z', 'nonce': None}, 'HOT/USDC': {'symbol': 'HOT/USDC', 'bids': [[0.0025351, 11980.0], [0.002535, 242760.0], [0.002503, 3113590.0], [0.0024907, 4194940.0], [0.0024813, 7611290.0], [0.0024707, 7349660.0], [0.0024621, 6987240.0], [0.0024508, 6515920.0], [0.0024384, 7867810.0], [0.0009491, 9440.0]], 'asks': [[0.0031709, 210330.0], [0.0031749, 3076220.0], [0.0031794, 4154750.0], [0.0032484, 8268760.0], [0.0034274, 8242750.0], [0.0035253, 8580810.0], [0.0035809, 7531890.0], [0.0036251, 8507740.0], [0.0053786, 9440.0], [0.9876543, 600.0]], 'timestamp': 1711986991502, 'datetime': '2024-04-01T15:56:31.502Z', 'nonce': None}, 'UNI/USDT:USDT': {'symbol': 'UNI/USDT:USDT', 'bids': [[12.3057, 4205.0], [12.3047, 3044.5], [12.3044, 58.9], [12.3033, 2087.8], [12.3019, 385.6], [12.2996, 2703.8], [12.2979, 167.8], [12.2965, 109.9], [12.2962, 295.9], [12.2945, 464.6]], 'asks': [[12.3243, 55.0], [12.3265, 58.8], [12.3267, 387.2], [12.3279, 119.0], [12.3289, 114.6], [12.3292, 292.3], [12.3324, 411.9], [12.3326, 686.5], [12.333, 519.1], [12.3334, 294.8]], 'timestamp': 1711986991549, 'datetime': '2024-04-01T15:56:31.549Z', 'nonce': None}, 'LTC/EOS': {'symbol': 'LTC/EOS', 'bids': [[91.1778, 0.006], [90.3135, 0.006], [65.2259, 0.013], [60.0, 0.001], [53.1256, 0.01], [39.1239, 0.001], [33.2515, 0.001], [31.1164, 0.002], [30.1201, 0.002], [28.5978, 0.01]], 'asks': [[101.1454, 0.004], [102.1133, 0.004], [121.0247, 0.001], [124.5311, 0.001], [148.7316, 0.002], [173.5926, 0.004], [174.1421, 0.003], [179.0, 0.01], [199.9999, 0.03], [200.0, 0.05]], 'timestamp': 1711986823639, 'datetime': '2024-04-01T15:53:43.639Z', 'nonce': None}, 'G999/BTC': {'symbol': 'G999/BTC', 'bids': [[8.98e-09, 2550.0], [8.95e-09, 10.0], [8.93e-09, 10.0], [8.92e-09, 70.0], [8.8e-09, 70.0], [8.77e-09, 160.0], [8.53e-09, 10080.0], [8.5e-09, 170.0], [8.23e-09, 130.0], [8e-09, 180.0]], 'asks': [[1.497e-08, 40.0], [1.507e-08, 40.0], [1.516e-08, 40.0], [1.527e-08, 40.0], [1.538e-08, 40.0], [1.546e-08, 40.0], [1.551e-08, 40.0], [1.559e-08, 40.0], [1.567e-08, 20.0], [1.576e-08, 20.0]], 'timestamp': 1711982157379, 'datetime': '2024-04-01T14:35:57.379Z', 'nonce': None}, 'MAID/ETH': {'symbol': 'MAID/ETH', 'bids': [[6.462e-05, 0.8], [6.461e-05, 1.0], [4.555e-05, 0.1], [4.5e-05, 0.1], [4.275e-05, 0.1], [4.274e-05, 1.5], [4.194e-05, 1.5], [4.002e-05, 0.2], [4.001e-05, 0.3], [4e-05, 34.2]], 'asks': [[0.00024041, 36.3], [0.00024042, 0.4], [0.00027408, 0.4], [0.00027409, 1378.0], [0.00034, 0.9], [0.000341, 150.0], [0.00034741, 1.0], [0.00035374, 0.2], [0.00037623, 0.5], [0.00039996, 3.0]], 'timestamp': 1711984623288, 'datetime': '2024-04-01T15:17:03.288Z', 'nonce': None}, 'ANALOS/USDT': {'symbol': 'ANALOS/USDT', 'bids': [[4.797e-05, 452900.0], [4.796e-05, 200.0], [4.795e-05, 10448300.0], [4.666e-05, 574300.0], [4.003e-05, 167700.0], [2.001e-05, 34900.0], [3.19e-06, 637300.0], [3.15e-06, 1000.0], [3.08e-06, 32400.0], [3.05e-06, 1000.0]], 'asks': [[0.00017, 32800.0], [0.000203, 100.0], [0.0003, 100.0], [0.0004, 100.0], [0.0005, 100.0], [0.0006, 100.0], [0.0007, 100.0], [0.0008, 100.0], [0.00089999, 1400.0], [0.0009, 13000.0]], 'timestamp': 1711986543904, 'datetime': '2024-04-01T15:49:03.904Z', 'nonce': None}, 'ETH/DAI': {'symbol': 'ETH/DAI', 'bids': [[3480.001, 0.0002], [3480.0, 0.2], [3455.661, 0.2002], [3453.164, 0.004], [3453.155, 0.0042], [3451.096, 2.7345], [3448.426, 0.182], [3448.091, 4.0415], [3446.886, 0.7577], [3445.849, 0.0426]], 'asks': [[3517.213, 0.1854], [3529.203, 2.4045], [3533.052, 4.1793], [3551.808, 0.0049], [3551.809, 11.1734], [3574.102, 11.5744], [3594.462, 11.2021], [3619.486, 10.709], [3647.865, 9.7003], [3671.745, 11.2963]], 'timestamp': 1711986991624, 'datetime': '2024-04-01T15:56:31.624Z', 'nonce': None}, 'CNS/BTC': {'symbol': 'CNS/BTC', 'bids': [[6e-11, 360030.0], [5e-11, 30500.0], [4e-11, 13639200.0], [3e-11, 30627010.0], [2e-11, 53048450.0], [1e-11, 331132740.0]], 'asks': [[7e-11, 14800.0], [8e-11, 55260.0], [9e-11, 5977340.0], [1e-10, 415930.0], [1.1e-10, 5840.0], [1.2e-10, 8280.0], [1.3e-10, 460.0], [1.4e-10, 17530.0], [1.5e-10, 8410.0], [1.6e-10, 10.0]], 'timestamp': 1711984592534, 'datetime': '2024-04-01T15:16:32.534Z', 'nonce': None}, 'POND/BTC': {'symbol': 'POND/BTC', 'bids': [[2.302e-07, 1865.7], [2.301e-07, 6794.5], [2.3e-07, 800.0], [2e-07, 980.0], [1.9e-07, 999.0], [1.8e-07, 1999.0], [1.7e-07, 2900.0], [1.365e-07, 9845.4], [4e-08, 3900.0], [2.01e-08, 49751.2]], 'asks': [[4.548e-07, 22575.9], [4.562e-07, 323155.9], [4.586e-07, 473750.9], [4.597e-07, 203873.0], [4.601e-07, 443.1], [4.603e-07, 19895.4], [4.605e-07, 78675.5], [4.606e-07, 194118.5], [4.607e-07, 313386.2], [4.608e-07, 570.7]], 'timestamp': 1711986990668, 'datetime': '2024-04-01T15:56:30.668Z', 'nonce': None}, 'HMQ/ETH': {'symbol': 'HMQ/ETH', 'bids': [[6.01e-07, 10.0], [6e-07, 500.0], [5e-07, 1000.0], [3.13e-07, 220.0], [3.12e-07, 20000.0], [2.12e-07, 4710.0], [2.02e-07, 5000.0], [1.68e-07, 5950.0], [1.03e-07, 9700.0], [1.02e-07, 5000.0]], 'asks': [[3.946e-06, 6220.0], [4.999e-06, 14100.0], [5e-06, 5110.0], [9.563e-06, 3720.0], [1e-05, 350.0], [1.642e-05, 890.0], [1.9815e-05, 500.0], [2.0102e-05, 350.0], [2.164e-05, 30.0], [3.0204e-05, 360.0]], 'timestamp': 1711979802452, 'datetime': '2024-04-01T13:56:42.452Z', 'nonce': None}, 'VRA/ETH': {'symbol': 'VRA/ETH', 'bids': [[2.016e-06, 13423.0], [2.015e-06, 7725.0], [1.6e-06, 11643.0], [1.004e-06, 1625.0], [1e-06, 100000.0], [6.04e-07, 3054.0], [4.03e-07, 3000.0], [2.27e-07, 4405.0], [1.49e-07, 3604.0], [1.47e-07, 68027.0]], 'asks': [[2.32e-06, 1402.0], [2.385e-06, 12634.0], [2.388e-06, 118.0], [2.411e-06, 118.0], [3.264e-06, 1.0], [4.098e-06, 118.0], [5.823e-06, 40344.0], [5.824e-06, 1122.0], [5.825e-06, 4721.0], [5.969e-06, 2000.0]], 'timestamp': 1711986987926, 'datetime': '2024-04-01T15:56:27.926Z', 'nonce': None}, 'CFX/USDT': {'symbol': 'CFX/USDT', 'bids': [[0.41526, 19406.0], [0.41497, 31353.2], [0.41463, 40300.1], [0.41446, 49437.1], [0.41429, 1621.3], [0.41396, 57221.6], [0.41378, 86012.3], [0.41368, 21875.2], [0.41366, 108775.4], [0.41336, 131338.1]], 'asks': [[0.41571, 14565.0], [0.41589, 22988.2], [0.41614, 28819.2], [0.41627, 1574.4], [0.4163, 35604.9], [0.41658, 54025.2], [0.4168, 65369.5], [0.41683, 20006.9], [0.41708, 91946.9], [0.41721, 32874.8]], 'timestamp': 1711986991596, 'datetime': '2024-04-01T15:56:31.596Z', 'nonce': None}, 'LOC/BTC': {'symbol': 'LOC/BTC', 'bids': [[2.67e-06, 37.45], [2.5e-06, 23.86], [2.01e-06, 195.27], [2e-06, 1000.01], [1.61e-06, 62.11], [1.39e-06, 71.94], [7.1e-07, 140.84], [6.1e-07, 163.93], [4.1e-07, 243.9], [3.2e-07, 312.5]], 'asks': [[6.99e-06, 79.45], [7e-06, 200.0], [1e-05, 500.0], [1.499e-05, 54.78], [1.6e-05, 0.01], [1.7e-05, 0.01], [1.8e-05, 0.01], [1.9e-05, 0.01], [2e-05, 0.01], [2.04e-05, 0.01]], 'timestamp': 1711986943481, 'datetime': '2024-04-01T15:55:43.481Z', 'nonce': None}, 'WBTC/USDT': {'symbol': 'WBTC/USDT', 'bids': [[68377.1, 0.00022], [68307.1, 0.00027], [65789.9, 2e-06], [65166.4, 2e-06], [63404.6, 0.001578], [63404.5, 0.098176], [63019.7, 0.160113], [62946.9, 0.108212], [62650.1, 0.292999], [62610.4, 0.032189]], 'asks': [[68478.7, 0.000219], [68481.2, 0.009946], [68534.5, 0.038659], [68549.7, 0.000284], [68664.1, 0.104273], [68699.9, 0.154167], [68909.9, 0.19065], [69218.7, 0.253398], [69366.6, 0.344959], [70146.8, 0.478524]], 'timestamp': 1711986991586, 'datetime': '2024-04-01T15:56:31.586Z', 'nonce': None}, 'AURORA/USDT': {'symbol': 'AURORA/USDT', 'bids': [[0.00116, 43245.6], [0.0004, 2500.0], [0.0001, 20000.0], [1e-05, 200000.0]], 'asks': [], 'timestamp': 1711986365052, 'datetime': '2024-04-01T15:46:05.052Z', 'nonce': None}, 'XMR/TUSD': {'symbol': 'XMR/TUSD', 'bids': [[121.1585, 5.745], [120.8554, 68.4602], [120.4565, 112.1529], [117.1781, 555.7763], [110.0979, 586.7924], [103.9502, 570.5342], [98.7321, 580.1318], [88.2881, 0.0003], [78.0655, 0.0001], [74.9318, 0.0001]], 'asks': [[129.2302, 0.7568], [129.2303, 5.6778], [129.5609, 71.3037], [129.8842, 125.3445], [135.3003, 669.7108], [142.0595, 573.108], [148.0635, 613.1589], [154.954, 612.6925], [189.6561, 0.0001], [190.5941, 0.0001]], 'timestamp': 1711986990488, 'datetime': '2024-04-01T15:56:30.488Z', 'nonce': None}, 'PLI/XDC': {'symbol': 'PLI/XDC', 'bids': [], 'asks': [], 'timestamp': 1711851976620, 'datetime': '2024-03-31T02:26:16.620Z', 'nonce': None}, 'AMP/BTC': {'symbol': 'AMP/BTC', 'bids': [[4.3e-08, 547.0], [4.29e-08, 15006.0], [3.04e-08, 8573.0], [3.03e-08, 4000.0], [3e-08, 1.0], [2.35e-08, 5.0], [1e-10, 5.0]], 'asks': [[1.454e-07, 18517.0], [1.6e-07, 1.0], [1.8e-07, 1.0], [1.88e-07, 1.0], [1.888e-07, 1.0], [1.889e-07, 1.0], [2.123e-07, 1.0], [2.137e-07, 1.0], [2.138e-07, 9.0], [2.284e-07, 2308.0]], 'timestamp': 1711986991002, 'datetime': '2024-04-01T15:56:31.002Z', 'nonce': None}, 'XMR/EOS': {'symbol': 'XMR/EOS', 'bids': [[106.0, 0.001], [105.0, 0.001], [104.0, 0.001], [103.0, 0.001], [102.0, 0.001], [101.0, 0.001], [100.0001, 0.001], [100.0, 0.001], [99.9999, 0.001], [95.0, 0.002]], 'asks': [[232.9211, 0.039], [232.9212, 1.245], [232.9235, 0.001], [255.4174, 0.137], [280.9997, 0.007], [280.9998, 0.001], [287.9999, 0.001], [288.9999, 0.001], [290.0, 0.001], [292.9319, 0.001]], 'timestamp': 1711986991427, 'datetime': '2024-04-01T15:56:31.427Z', 'nonce': None}, 'UNFI/USDT': {'symbol': 'UNFI/USDT', 'bids': [[6.969, 2.33], [6.9637, 107.36], [6.9588, 2.86], [6.9586, 424.05], [6.95, 1073.28], [6.9417, 1501.86], [2.0914, 20.78], [2.0913, 11.34], [0.0002, 695.43], [0.0001, 10000.0]], 'asks': [[6.9737, 2.28], [6.9792, 99.0], [6.9832, 400.9], [6.9842, 2.84], [6.9882, 1003.99], [6.9969, 406.63], [6.9986, 1579.25], [7.0039, 643.13], [7.0062, 840.17], [7.0083, 2117.96]], 'timestamp': 1711986991397, 'datetime': '2024-04-01T15:56:31.397Z', 'nonce': None}, 'ALEPH/USDT': {'symbol': 'ALEPH/USDT', 'bids': [[0.13247, 150.9], [0.13246, 226.4], [0.13243, 13.0], [0.04, 65.0], [0.03999, 624.5], [0.01, 62.0], [1e-05, 300000.0]], 'asks': [[4.99999, 0.2], [5.0, 42.4], [66.0, 1.9], [99.0, 2.0], [177.0, 2.0], [2220.0, 1.7]], 'timestamp': 1711986624513, 'datetime': '2024-04-01T15:50:24.513Z', 'nonce': None}, 'DENT/ETH': {'symbol': 'DENT/ETH', 'bids': [[4.176e-07, 2500.0], [4.175e-07, 11980.0], [4.045e-07, 327730.0], [4.044e-07, 13070.0], [4e-07, 144500.0], [3.963e-07, 412880.0], [3.95e-07, 5413610.0], [3.931e-07, 8725920.0], [3.875e-07, 36740020.0], [3.811e-07, 36516840.0]], 'asks': [[5.18e-07, 388360.0], [5.198e-07, 5293690.0], [5.212e-07, 7933580.0], [5.308e-07, 35929810.0], [5.531e-07, 36551940.0], [5.659e-07, 37222660.0], [5.781e-07, 37993560.0], [5.886e-07, 36575770.0], [7.719e-07, 40.0], [7.723e-07, 40.0]], 'timestamp': 1711986991374, 'datetime': '2024-04-01T15:56:31.374Z', 'nonce': None}, 'SC/BTC': {'symbol': 'SC/BTC', 'bids': [[1.3829e-07, 76320.0], [1.3793e-07, 1068940.0], [1.3776e-07, 1411010.0], [1.375e-07, 200.0], [1.3743e-07, 1763610.0], [1.3707e-07, 47690.0], [1.3706e-07, 1900230.0], [1.3696e-07, 1816490.0], [1.3629e-07, 1772050.0], [1.3111e-07, 3700.0]], 'asks': [[1.3922e-07, 69090.0], [1.395e-07, 883970.0], [1.4017e-07, 1481580.0], [1.4045e-07, 980.0], [1.406e-07, 1979200.0], [1.408e-07, 1943510.0], [1.418e-07, 2164020.0], [1.4519e-07, 1924080.0], [1.683e-07, 380.0], [1.744e-07, 3670.0]], 'timestamp': 1711986991417, 'datetime': '2024-04-01T15:56:31.417Z', 'nonce': None}, 'MBOX/BTC': {'symbol': 'MBOX/BTC', 'bids': [[5.91e-06, 49.5], [5.71e-06, 86.99], [3.6e-06, 0.01], [1.99e-06, 2740.92], [1.98e-06, 239.38], [5e-08, 2016.12]], 'asks': [[9.89e-06, 32.05], [9.9e-06, 345.42], [9.91e-06, 77.0], [1.125e-05, 181.69], [1.999e-05, 79.0], [2.035e-05, 24.58], [2.5e-05, 20.17], [3e-05, 16.67], [3.143e-05, 2.66], [3.498e-05, 0.01]], 'timestamp': 1711986990725, 'datetime': '2024-04-01T15:56:30.725Z', 'nonce': None}, 'QUICK/USDT': {'symbol': 'QUICK/USDT', 'bids': [[0.06505, 291.9], [0.06495, 26.8], [0.04149, 253.5], [0.04148, 602.0], [0.03871, 129.1], [0.0315, 1.0], [0.03, 374.8], [0.02999, 3.3], [0.0286, 17.4], [0.025, 0.3]], 'asks': [[0.09218, 180.9], [0.09223, 196.2], [0.1, 0.4], [0.5, 1.1], [0.58, 6.6], [6.0, 107.8], [17.0, 5.2], [29.0, 5.2], [66.0, 5.2], [99.0, 5.1]], 'timestamp': 1711986989886, 'datetime': '2024-04-01T15:56:29.886Z', 'nonce': None}, 'REN/USDT': {'symbol': 'REN/USDT', 'bids': [[0.1038248, 158.0], [0.1037646, 168.0], [0.103743, 7603.0], [0.1036589, 201.0], [0.1036109, 205.0], [0.1035947, 28318.0], [0.0967908, 3640.0], [0.0967907, 724.0], [0.0967904, 350.0], [0.0922431, 312.0]], 'asks': [[0.1041732, 56697.0], [0.1042756, 46857.0], [0.1043236, 83290.0], [0.1044466, 73957.0], [0.104448, 7168.0], [0.1044821, 105607.0], [0.1045696, 102619.0], [0.1046181, 122962.0], [0.1046266, 154904.0], [0.1046953, 147219.0]], 'timestamp': 1711986991225, 'datetime': '2024-04-01T15:56:31.225Z', 'nonce': None}, 'VET/ETH': {'symbol': 'VET/ETH', 'bids': [[1.25623e-05, 16910.0], [1.25446e-05, 214720.0], [1.25275e-05, 303420.0], [1.24746e-05, 2188750.0], [1.21454e-05, 370.0], [1.21453e-05, 1250.0], [1.2077e-05, 2345090.0], [1.17969e-05, 2322240.0], [1.16179e-05, 2430600.0], [1.14914e-05, 2278180.0]], 'asks': [[1.25991e-05, 14770.0], [1.26146e-05, 198380.0], [1.26302e-05, 312680.0], [1.2644e-05, 6000.0], [1.26645e-05, 241050.0], [1.26912e-05, 264480.0], [1.26934e-05, 370.0], [1.27117e-05, 241660.0], [1.27123e-05, 229220.0], [1.27447e-05, 258870.0]], 'timestamp': 1711986990845, 'datetime': '2024-04-01T15:56:30.845Z', 'nonce': None}, 'BORG/BTC': {'symbol': 'BORG/BTC', 'bids': [[3.6484e-06, 2420.0], [3.6483e-06, 340.0], [3.6473e-06, 640.0], [3.6454e-06, 430.0], [3.6453e-06, 40.0], [3.6451e-06, 80.0], [3.6238e-06, 80.0], [3.6075e-06, 20.0], [3.6074e-06, 900.0], [3.6e-06, 10.0]], 'asks': [[3.68e-06, 410.0], [3.6848e-06, 1800.0], [3.6869e-06, 80.0], [3.6901e-06, 1020.0], [3.6902e-06, 870.0], [3.699e-06, 22510.0], [3.6991e-06, 6010.0], [3.7001e-06, 1280.0], [3.7024e-06, 130.0], [3.7032e-06, 1850.0]], 'timestamp': 1711986985870, 'datetime': '2024-04-01T15:56:25.870Z', 'nonce': None}, 'USDT/EOSDT': {'symbol': 'USDT/EOSDT', 'bids': [[1.21001, 0.03], [1.21, 0.85], [1.20001, 123.17], [1.2, 13.24], [1.1, 0.22], [1.08, 0.13], [1.07, 1.0], [1.06, 1.0], [1.05, 1.0], [1.03, 0.24]], 'asks': [[2.91994, 27.38], [2.91995, 25.93], [2.92, 2.38], [2.99999, 0.5], [3.0, 1.0], [3.01, 1.0], [3.02, 1.0], [3.03, 1.0], [3.04, 1.0], [3.05, 1.0]], 'timestamp': 1711985684396, 'datetime': '2024-04-01T15:34:44.396Z', 'nonce': None}, 'COTI/BTC': {'symbol': 'COTI/BTC', 'bids': [[2.3039e-06, 1.0], [2.3038e-06, 44.0], [2.2938e-06, 3158.0], [2.2937e-06, 230.0], [2.282e-06, 44.0], [2.002e-06, 190.0], [2e-06, 50.0], [1.6761e-06, 89.0], [1.62e-06, 490.0], [1.3423e-06, 75.0]], 'asks': [[2.6404e-06, 41.0], [2.6657e-06, 41.0], [2.9106e-06, 216.0], [3.7202e-06, 34.0], [4.3265e-06, 1588.0], [4.5315e-06, 41.0], [4.794e-06, 62.0], [5.0899e-06, 9.0], [7.036e-06, 72.0], [8e-06, 100.0]], 'timestamp': 1711986991604, 'datetime': '2024-04-01T15:56:31.604Z', 'nonce': None}, 'POWR/BTC': {'symbol': 'POWR/BTC', 'bids': [[5.035e-06, 5.6], [5.034e-06, 19.9], [4.986e-06, 20.1], [4.777e-06, 12.2], [4.531e-06, 0.8], [3.9e-06, 0.1], [3.877e-06, 133.7], [2.934e-06, 661.2], [2.933e-06, 34.1], [1.5e-06, 190.0]], 'asks': [[5.518e-06, 295.2], [5.519e-06, 148.3], [5.751e-06, 20.7], [5.806e-06, 20.7], [6.492e-06, 921.5], [9.87e-06, 20.7], [1e-05, 77.5], [1.1077e-05, 197.1], [1.2202e-05, 13.8], [1.4677e-05, 144.1]], 'timestamp': 1711986991199, 'datetime': '2024-04-01T15:56:31.199Z', 'nonce': None}, 'REN/USDC': {'symbol': 'REN/USDC', 'bids': [[0.10363, 7039.0], [0.09486, 198.0], [0.09485, 97445.0], [0.09309, 149068.0], [0.09272, 78468.0], [0.09246, 72233.0], [0.09225, 68365.0], [0.09207, 66791.0], [0.03113, 459.0], [4e-05, 4990.0]], 'asks': [[0.10425, 7165.0], [0.10442, 84022.0], [0.10461, 144224.0], [0.10471, 186045.0], [0.10495, 200113.0], [0.10515, 194477.0], [0.10531, 203297.0], [0.17644, 459.0]], 'timestamp': 1711986990874, 'datetime': '2024-04-01T15:56:30.874Z', 'nonce': None}, 'APPC/USDT': {'symbol': 'APPC/USDT', 'bids': [[0.0018687, 847.0], [0.0018686, 254.0], [0.0012202, 15321.0], [0.0012201, 30467.0], [0.00122, 13189.0], [0.0012009, 5533.0], [0.00087, 25574.0], [0.0008231, 3645.0], [0.0006604, 21854.0], [0.0006513, 7.0]], 'asks': [[0.0039998, 36759.0], [0.0039999, 8009.0], [0.004, 16828.0], [0.004019, 9332.0], [0.004023, 14532.0], [0.004029, 9532.0], [0.004034, 7896.0], [0.0041899, 23816.0], [0.00419, 62.0], [0.004225, 10.0]], 'timestamp': 1711980335561, 'datetime': '2024-04-01T14:05:35.561Z', 'nonce': None}, 'SENSO/USDT': {'symbol': 'SENSO/USDT', 'bids': [[0.072567, 24.0], [0.052899, 2953.5], [0.052898, 9943.1], [0.04595, 0.5], [0.030003, 16.6], [0.03, 5.6], [0.02, 1.0], [0.01, 1.0], [0.009, 10.0], [0.001103, 500.5]], 'asks': [[0.129921, 435.7], [0.13, 5000.0], [0.15, 5027.0], [0.162204, 0.1], [0.17, 2500.0], [0.195, 100.0], [0.209999, 42.0], [0.28, 100.0], [0.2987, 7.6], [0.326312, 2.5]], 'timestamp': 1711986988437, 'datetime': '2024-04-01T15:56:28.437Z', 'nonce': None}, 'ARRR/BTC': {'symbol': 'ARRR/BTC', 'bids': [[1.8409e-06, 177.0], [1.8408e-06, 1200.0], [1.8377e-06, 1.0], [1.8376e-06, 1.0], [1.813e-06, 1.0], [1.7955e-06, 1.0], [1.7796e-06, 1.0], [1.7499e-06, 1.0], [1.6987e-06, 1.0], [1.6621e-06, 1.0]], 'asks': [[2.9818e-06, 959.0], [2.9819e-06, 706.0], [2.9844e-06, 1.0], [2.9953e-06, 1.0], [3.012e-06, 1.0], [3.0186e-06, 1.0], [3.1455e-06, 1.0], [3.1571e-06, 1.0], [3.1686e-06, 1.0], [3.18e-06, 1.0]], 'timestamp': 1711986911728, 'datetime': '2024-04-01T15:55:11.728Z', 'nonce': None}, 'POE/ETH': {'symbol': 'POE/ETH', 'bids': [[1.7e-09, 4490.0], [1.6e-09, 20.0], [1.1e-09, 2360.0], [1e-09, 200.0], [7e-10, 8843580.0], [6e-10, 127982370.0], [5e-10, 14205520.0], [4e-10, 20841190.0], [3e-10, 6666710.0], [2e-10, 8672860.0]], 'asks': [[8.9e-09, 80.0], [9e-09, 200.0], [9.3e-09, 3909400.0], [9.4e-09, 400020.0], [9.5e-09, 157780.0], [9.9e-09, 10.0], [1.08e-08, 1422230.0], [1.09e-08, 10.0], [1.19e-08, 10.0], [1.29e-08, 10.0]], 'timestamp': 1711984460956, 'datetime': '2024-04-01T15:14:20.956Z', 'nonce': None}, 'CPOOL/USDT': {'symbol': 'CPOOL/USDT', 'bids': [[0.01976, 1012.6], [0.01975, 87.3], [0.01, 20.6], [0.00999, 2500.0], [0.001, 1000.0], [0.0001, 20000.0]], 'asks': [[0.7, 13.0], [287.99999, 8.3], [288.0, 2.0], [99999999999.0, 0.1]], 'timestamp': 1711986611962, 'datetime': '2024-04-01T15:50:11.962Z', 'nonce': None}, 'EURT/USDT': {'symbol': 'EURT/USDT', 'bids': [[1.0658, 1750.0], [1.0613, 2750.0], [1.0549, 3000.0], [1.0463, 4000.0], [0.5, 4.0], [0.0109, 684.65], [0.0004, 124688.27], [0.0003, 24875.62], [0.0001, 10000.0]], 'asks': [[1.0788, 1750.0], [1.0829, 2750.0], [1.0893, 3000.0], [1.0979, 4000.0], [1.1103, 0.09], [88.0, 1.0]], 'timestamp': 1711986983084, 'datetime': '2024-04-01T15:56:23.084Z', 'nonce': None}, 'BTC/USDT:USDT': {'symbol': 'BTC/USDT:USDT', 'bids': [[68319.98, 0.0101], [68319.97, 0.0316], [68310.72, 0.0579], [68310.5, 0.2547], [68309.74, 0.1703], [68303.45, 0.2207], [68302.44, 0.0818], [68301.32, 0.4247], [68300.08, 0.495], [68291.62, 0.2229]], 'asks': [[68356.79, 0.007], [68362.85, 0.2152], [68364.89, 0.0111], [68365.79, 0.2519], [68367.65, 0.1047], [68367.94, 0.0205], [68368.92, 0.128], [68369.6, 0.0806], [68370.54, 0.058], [68372.3, 0.1602]], 'timestamp': 1711986991502, 'datetime': '2024-04-01T15:56:31.502Z', 'nonce': None}, 'T/BTC': {'symbol': 'T/BTC', 'bids': [[3.76e-07, 891.0], [3.75e-07, 14857.0], [3.69e-07, 9370.0], [3.68e-07, 180883.0], [3.65e-07, 287475.0], [3.63e-07, 247296.0], [3.61e-07, 272880.0], [3.59e-07, 274531.0], [3.54e-07, 247237.0], [3.52e-07, 245507.0]], 'asks': [[7.13e-07, 13415.0], [7.14e-07, 173363.0], [7.15e-07, 285003.0], [7.16e-07, 277931.0], [7.17e-07, 590958.0], [7.18e-07, 264441.0], [7.19e-07, 272705.0], [7.45e-07, 764.0], [9.99e-07, 140.0], [1.573e-06, 500.0]], 'timestamp': 1711986990653, 'datetime': '2024-04-01T15:56:30.653Z', 'nonce': None}, 'XUC/BTC': {'symbol': 'XUC/BTC', 'bids': [[1e-08, 9909.97]], 'asks': [[2e-08, 298.06], [3e-08, 4129.2], [4e-08, 61600.29], [5e-08, 2733.02], [6e-08, 1534.0], [7e-08, 127.16], [8e-08, 50.0], [9e-08, 50.0], [1e-07, 710.1], [1.1e-07, 10.0]], 'timestamp': 1711983864129, 'datetime': '2024-04-01T15:04:24.129Z', 'nonce': None}, 'BRG/USDT': {'symbol': 'BRG/USDT', 'bids': [[0.0010515, 50456.0], [0.001051, 169940.0], [0.0010509, 47350.0], [0.0010507, 62817.0], [0.0010498, 44238.0], [0.0010488, 41119.0], [0.0010477, 37994.0], [0.0010467, 34863.0], [0.0010456, 31726.0], [0.0010445, 28582.0]], 'asks': [[0.0010585, 25187.0], [0.0010627, 14115.0], [0.0010638, 14101.0], [0.0010648, 14087.0], [0.0010659, 14073.0], [0.001067, 14059.0], [0.001068, 14045.0], [0.0010691, 14031.0], [0.0010701, 14017.0], [0.0010712, 14003.0]], 'timestamp': 1711986991310, 'datetime': '2024-04-01T15:56:31.310Z', 'nonce': None}, 'POA20/BTC': {'symbol': 'POA20/BTC', 'bids': [[4.09e-08, 96.0], [4.08e-08, 1000.0], [3.38e-08, 3000.0], [3.33e-08, 8000.0], [3.02e-08, 1655.0], [2.88e-08, 1736.0], [2.13e-08, 120176.0], [2.12e-08, 22222.0], [2.02e-08, 2475.0], [1.63e-08, 61349.0]], 'asks': [[9.87e-08, 3045.0], [9.99e-08, 468.0], [1.689e-07, 552.0], [1.899e-07, 980.0], [1.999e-07, 750.0], [2.098e-07, 952.0], [2.198e-07, 32313.0], [2.199e-07, 1700.0], [2.226e-07, 270.0], [2.467e-07, 1170.0]], 'timestamp': 1711986586872, 'datetime': '2024-04-01T15:49:46.872Z', 'nonce': None}, 'REVV/BTC': {'symbol': 'REVV/BTC', 'bids': [[1.3e-07, 2255.3], [1e-07, 200.0], [5.1e-08, 2243.5], [5e-08, 2000.0], [2e-08, 5000.0], [1.5e-08, 915.3], [9e-09, 75.5], [5e-09, 0.5], [4e-09, 0.5], [3e-09, 975.0]], 'asks': [[2.34e-07, 3380.6], [2.47e-07, 93.7], [8e-07, 0.1], [9e-07, 0.1], [1e-06, 0.2], [1.1e-06, 0.1], [1.2e-06, 0.1], [1.3e-06, 0.1], [1.4e-06, 0.1], [1.5e-06, 0.1]], 'timestamp': 1711986989287, 'datetime': '2024-04-01T15:56:29.287Z', 'nonce': None}, 'CKB/BTC': {'symbol': 'CKB/BTC', 'bids': [[2.7565e-07, 36720.0], [2.7529e-07, 473830.0], [2.7495e-07, 729520.0], [2.7445e-07, 1249640.0], [2.7389e-07, 1388590.0], [2.734e-07, 1367880.0], [2.7288e-07, 1410210.0], [2.7173e-07, 1333890.0], [1.5452e-07, 10940.0], [1.39e-07, 10.0]], 'asks': [[3.9004e-07, 420.0], [4.9558e-07, 18810.0], [4.9559e-07, 830.0], [5.3001e-07, 8890.0], [6.1296e-07, 100.0], [7.3474e-07, 10.0], [7.8948e-07, 10.0], [8.448e-07, 10.0], [8.5e-07, 380.0], [8.9988e-07, 10.0]], 'timestamp': 1711986982622, 'datetime': '2024-04-01T15:56:22.622Z', 'nonce': None}, 'SUI/USDT': {'symbol': 'SUI/USDT', 'bids': [[1.9507, 7.52], [1.9502, 341.04], [1.9501, 8.08], [1.9498, 1409.26], [1.9497, 364.73], [1.9494, 1464.3], [1.9493, 3536.01], [1.9485, 5462.44], [1.9483, 10.02], [1.948, 10.47]], 'asks': [[1.9508, 7.7], [1.9512, 343.17], [1.9514, 1425.21], [1.9516, 7.74], [1.9519, 338.91], [1.952, 1430.28], [1.9521, 3662.64], [1.9529, 4024.15], [1.953, 10.27], [1.9531, 3670.69]], 'timestamp': 1711986991619, 'datetime': '2024-04-01T15:56:31.619Z', 'nonce': None}, 'METIS/USDT': {'symbol': 'METIS/USDT', 'bids': [[41.01, 0.487], [41.009, 0.042], [41.0, 0.002], [13.083, 0.363], [13.082, 1.986], [9.628, 0.01], [9.627, 0.97], [1.0, 0.001], [0.42, 0.005], [0.115, 0.005]], 'asks': [[124.999, 0.284], [125.0, 0.005], [155.0, 0.013], [600.0, 0.029], [760.0, 0.014], [988.0, 0.006], [999999999999.999, 0.001]], 'timestamp': 1711986832009, 'datetime': '2024-04-01T15:53:52.009Z', 'nonce': None}, 'BCH/USDC': {'symbol': 'BCH/USDC', 'bids': [[634.46, 0.032], [633.9, 1.539], [633.55, 1.035], [633.51, 0.044], [632.85, 6.205], [632.81, 14.745], [632.18, 20.166], [631.88, 15.809], [631.29, 109.042], [631.0, 22.179]], 'asks': [[635.04, 0.033], [635.76, 1.141], [636.09, 0.041], [636.45, 13.678], [637.2, 21.58], [637.92, 49.976], [638.23, 0.047], [638.24, 44.009], [638.3, 51.922], [638.66, 45.973]], 'timestamp': 1711986991503, 'datetime': '2024-04-01T15:56:31.503Z', 'nonce': None}, 'ILV/USDC': {'symbol': 'ILV/USDC', 'bids': [[130.875, 5.176], [130.682, 74.18], [130.403, 102.097], [129.976, 238.207], [128.858, 0.197], [128.857, 245.914], [125.339, 245.504], [123.17, 265.632], [122.019, 253.15], [39.34, 0.402]], 'asks': [[131.926, 5.38], [132.132, 74.036], [132.288, 100.715], [132.451, 167.984], [132.675, 164.477], [132.873, 158.217], [133.732, 172.504], [135.491, 161.618], [222.927, 0.402]], 'timestamp': 1711986991436, 'datetime': '2024-04-01T15:56:31.436Z', 'nonce': None}, 'PLI/BTC': {'symbol': 'PLI/BTC', 'bids': [[1.004e-07, 72.1], [1.003e-07, 970.0], [1.002e-07, 0.1], [5.74e-08, 0.1], [1e-08, 1000.0], [6.6e-09, 0.1], [6.4e-09, 0.1], [6.3e-09, 0.1], [6.2e-09, 0.1], [6.1e-09, 0.1]], 'asks': [[5e-07, 0.1], [6e-07, 0.1], [7e-07, 0.1], [8e-07, 0.1], [9e-07, 0.1], [1e-06, 0.1], [1.1e-06, 0.1], [1.19e-06, 0.1], [1.199e-06, 0.1], [1.1996e-06, 0.1]], 'timestamp': 1711980220884, 'datetime': '2024-04-01T14:03:40.884Z', 'nonce': None}, 'LCX/ETH': {'symbol': 'LCX/ETH', 'bids': [[3.2e-05, 2452.0], [2.0001e-05, 9.0], [1.3614e-05, 10880.0], [1.3613e-05, 100.0], [1.001e-05, 1000.0], [7.6e-06, 2000.0], [5.086e-06, 100.0], [3e-06, 268.0], [1.043e-06, 4369.0], [1.34e-07, 12469.0]], 'asks': [[0.000498, 371.0], [0.000897991, 7584.0], [0.00134, 223.0], [0.001345, 1500.0], [0.0133, 3190.0], [0.029, 50.0], [0.081, 50.0], [0.16, 50.0], [0.46, 50.0], [0.99, 50.0]], 'timestamp': 1711976888175, 'datetime': '2024-04-01T13:08:08.175Z', 'nonce': None}, 'MESH/USDT': {'symbol': 'MESH/USDT', 'bids': [[0.00170001, 2300.0], [0.00160001, 3100.0], [0.00150001, 4600.0], [0.00140001, 4600.0], [0.00130001, 2800.0], [0.00110001, 2800.0], [0.000980001, 1800.0], [0.00088, 3400.0], [0.000400001, 125000.0], [0.0004, 10000.0]], 'asks': [[0.0018, 4000.0], [0.002, 2848200.0], [0.002984302, 16000.0], [0.002984303, 23700.0], [0.003000001, 3000.0], [0.007, 1000.0], [0.008, 1000.0], [0.00899, 1900.0], [0.009, 8000.0], [0.01, 18300.0]], 'timestamp': 1711986990852, 'datetime': '2024-04-01T15:56:30.852Z', 'nonce': None}, 'DGTX/BTC': {'symbol': 'DGTX/BTC', 'bids': [], 'asks': [[1e-09, 7415382.0], [2e-09, 627356.0], [3e-09, 56032.0], [4e-09, 12065.0], [5e-09, 70847.0], [6e-09, 4649957.0], [7e-09, 154846.0], [8e-09, 165288.0], [9e-09, 14639.0], [1e-08, 6921.0]], 'timestamp': 1711983164795, 'datetime': '2024-04-01T14:52:44.795Z', 'nonce': None}, 'AVT/ETH': {'symbol': 'AVT/ETH', 'bids': [[0.00096246, 1.0], [0.00086853, 2.0], [0.00076764, 4.0], [0.00067545, 118.1], [0.00067544, 8.0], [0.00058499, 20.0], [0.00047908, 400.9], [0.0004144, 32.8], [0.00037, 18.8], [0.00036667, 0.2]], 'asks': [[0.00218, 25.0], [0.0023, 0.1], [0.00233443, 23.1], [0.00233566, 0.2], [0.00235, 25.0], [0.00235709, 0.2], [0.00237852, 0.2], [0.00239995, 0.2], [0.00242138, 0.2], [0.0024375, 2.3]], 'timestamp': 1711880909849, 'datetime': '2024-03-31T10:28:29.849Z', 'nonce': None}, 'USG/BTC': {'symbol': 'USG/BTC', 'bids': [[0.0165, 0.0002], [0.00126, 0.0027], [0.00055, 1.81818], [0.0002, 1e-05], [0.00015, 1e-05], [0.0001, 1e-05], [7e-05, 1e-05], [5e-05, 16.30679], [4e-05, 7.5], [3e-05, 1e-05]], 'asks': [[0.01651, 0.00055], [0.03699, 0.00345], [0.037, 0.00707], [0.039, 0.0001], [0.04, 0.0001], [0.04039, 0.00707], [0.04379, 0.00707], [0.04719, 0.00707], [0.05059, 0.00707], [0.05398, 0.00707]], 'timestamp': 1711656735480, 'datetime': '2024-03-28T20:12:15.480Z', 'nonce': None}, 'BEAMX/USDT': {'symbol': 'BEAMX/USDT', 'bids': [[0.025847, 690.0], [0.02584, 770.0], [0.025165, 9420.0], [0.02, 30.0], [0.0033, 150.0], [1e-05, 50.0], [3e-06, 20049930.0], [2e-06, 143650.0], [1e-06, 1000050.0]], 'asks': [[0.032699, 128600.0], [0.032737, 221950.0], [0.032749, 269970.0], [0.032799, 333910.0], [0.032845, 422370.0], [0.032883, 641420.0], [0.032968, 80.0], [0.04, 10.0], [0.05, 10.0], [0.06, 10.0]], 'timestamp': 1711986990914, 'datetime': '2024-04-01T15:56:30.914Z', 'nonce': None}, 'BCH/USDT': {'symbol': 'BCH/USDT', 'bids': [[634.868, 0.0429], [634.367, 0.2625], [634.237, 1.6417], [634.169, 1.936], [634.146, 6.1226], [634.02, 1.0674], [634.004, 16.4435], [633.811, 7.6033], [633.788, 24.0353], [633.602, 0.0426]], 'asks': [[635.101, 0.2625], [635.132, 0.0424], [635.164, 0.0362], [635.281, 1.0899], [635.719, 13.6422], [635.862, 1.5873], [635.874, 1.7914], [635.958, 6.4617], [636.088, 7.5005], [636.112, 12.8561]], 'timestamp': 1711986991561, 'datetime': '2024-04-01T15:56:31.561Z', 'nonce': None}, 'TRV/BTC': {'symbol': 'TRV/BTC', 'bids': [[1.15e-09, 260869.0], [1.04e-09, 1175789.0], [9.1e-10, 1175.0], [9e-10, 1175956.0], [1e-10, 100000.0], [6e-11, 7062146.0], [3e-11, 14124293.0], [1e-11, 1000000.0]], 'asks': [[2.399e-08, 30029.0], [2.4e-08, 40775.0], [2.599e-08, 6226.0], [2.666e-08, 74632.0], [3.3e-08, 146.0], [4.999e-08, 37362.0], [0.00032692914, 815.0]], 'timestamp': 1711955190193, 'datetime': '2024-04-01T07:06:30.193Z', 'nonce': None}, 'XUC/USDT': {'symbol': 'XUC/USDT', 'bids': [[0.00069, 190.48], [0.00068, 214.29], [0.00066, 238.1], [0.00065, 261.91], [0.00063, 285.72], [0.00062, 309.53], [0.0006, 333.34], [0.00058, 357.15], [0.00057, 380.96], [0.00055, 404.77]], 'asks': [[0.00077, 0.01], [0.00078, 0.01], [0.00079, 8447.48], [0.0008, 0.01], [0.00081, 0.01], [0.00082, 2.6], [0.00083, 0.01], [0.00084, 3.96], [0.00085, 0.79], [0.00086, 5.27]], 'timestamp': 1711979202219, 'datetime': '2024-04-01T13:46:42.219Z', 'nonce': None}, 'LOAN/BTC': {'symbol': 'LOAN/BTC', 'bids': [[1.3e-09, 95430.0], [1.26e-09, 2820.0], [1.16e-09, 230.0], [1.12e-09, 360.0], [1.11e-09, 200.0], [1.09e-09, 100.0], [1.05e-09, 200.0], [1.04e-09, 300.0], [1.03e-09, 8940.0], [1.02e-09, 2000.0]], 'asks': [[1.89e-09, 9800.0], [1.9e-09, 1820.0], [1.99e-09, 48450.0], [2.04e-09, 167930.0], [2.05e-09, 526430.0], [2.06e-09, 681520.0], [2.07e-09, 10.0], [2.08e-09, 10.0], [2.09e-09, 10.0], [2.1e-09, 1000.0]], 'timestamp': 1711986044668, 'datetime': '2024-04-01T15:40:44.668Z', 'nonce': None}, 'IPX/BTC': {'symbol': 'IPX/BTC', 'bids': [[5.3e-09, 1.0], [5e-09, 95462.0], [4.9e-09, 60.0], [4.5e-09, 65.0], [4.2e-09, 101.0], [3.9e-09, 100.0], [3.6e-09, 100.0], [3.3e-09, 100.0], [3e-09, 100.0], [2.7e-09, 170100.0]], 'asks': [[8.5e-09, 538.0], [1.11e-08, 13.0], [1.29e-08, 158.0], [1.3e-08, 10.0], [1.31e-08, 10.0], [1.32e-08, 10.0], [1.33e-08, 10.0], [1.34e-08, 10.0], [1.35e-08, 10.0], [1.36e-08, 10.0]], 'timestamp': 1711984428291, 'datetime': '2024-04-01T15:13:48.291Z', 'nonce': None}, 'EVX/BTC': {'symbol': 'EVX/BTC', 'bids': [[5.1e-08, 3921.5], [3.4e-08, 0.2], [3.3e-08, 6060.6], [2.1e-08, 5.1], [1e-08, 20000.0], [6e-09, 36479.5], [4e-09, 50000.0], [3e-09, 63479.5], [1e-09, 200000.0]], 'asks': [[1.1e-07, 0.5], [1.15e-07, 0.1], [1.16e-07, 0.1], [1.17e-07, 0.1], [1.18e-07, 0.1], [1.19e-07, 0.1], [1.2e-07, 0.1], [1.21e-07, 0.1], [1.22e-07, 0.1], [1.23e-07, 0.1]], 'timestamp': 1711979517130, 'datetime': '2024-04-01T13:51:57.130Z', 'nonce': None}, 'CVNX/ETH': {'symbol': 'CVNX/ETH', 'bids': [[7.8e-07, 29.1], [7.6e-07, 1.0], [7.5e-07, 0.7], [7.4e-07, 0.5], [7.3e-07, 1.0], [7.2e-07, 0.1], [7.1e-07, 0.1], [7e-07, 2.2], [6.9e-07, 0.1], [6.8e-07, 2.3]], 'asks': [[2.65e-06, 0.2], [2.68e-06, 0.1], [2.71e-06, 0.1], [2.74e-06, 0.1], [2.78e-06, 0.1], [2.81e-06, 0.1], [2.84e-06, 0.1], [2.87e-06, 0.1], [2.9e-06, 0.1], [2.94e-06, 0.1]], 'timestamp': 1711983458069, 'datetime': '2024-04-01T14:57:38.069Z', 'nonce': None}, 'CUTE/EOS': {'symbol': 'CUTE/EOS', 'bids': [[0.015, 0.4], [0.0145, 0.6], [0.014, 0.6], [0.0139599, 0.4], [0.0135755, 0.7], [0.0135556, 0.8], [0.013553, 0.4], [0.0135517, 0.5], [0.0135417, 0.4], [0.0135411, 0.3]], 'asks': [[0.13, 0.1], [0.1351136, 0.1], [0.1436931, 0.1], [0.1522727, 0.1], [0.1608522, 0.1], [0.1694318, 0.1], [0.1780113, 0.1], [0.1865909, 0.1], [0.1951704, 0.1], [0.20375, 0.1]], 'timestamp': 1711984598463, 'datetime': '2024-04-01T15:16:38.463Z', 'nonce': None}, 'EMC/BTC': {'symbol': 'EMC/BTC', 'bids': [[1e-07, 93.9], [9.1e-08, 1989.6], [9e-08, 50.0], [8.5e-08, 50.0], [8e-08, 50.0], [7.5e-08, 50.0], [5e-08, 50.0], [3.5e-08, 554.2], [1e-08, 100.0], [4e-09, 240747.5]], 'asks': [[1.17e-07, 99.0], [1.25e-07, 50.0], [1.3e-07, 150.0], [1.38e-07, 157.3], [1.43e-07, 0.1], [1.44e-07, 0.1], [1.45e-07, 0.1], [1.46e-07, 0.1], [1.47e-07, 0.1], [1.48e-07, 0.1]], 'timestamp': 1711980177254, 'datetime': '2024-04-01T14:02:57.254Z', 'nonce': None}, 'UTT/BTC': {'symbol': 'UTT/BTC', 'bids': [[3.6e-08, 20.0], [3.5e-08, 24.8], [2e-08, 1000.0], [6e-09, 566799.8], [5e-09, 20000.0], [4e-09, 1357.4], [3e-09, 7345.9], [2e-09, 9345.7]], 'asks': [[1.34e-07, 5.0], [1.38e-07, 980.0], [1.58e-07, 19.3], [1.67e-07, 163.5], [1.79e-07, 980.0], [1.81e-07, 1857.7], [1.91e-07, 1834.3], [2e-07, 1834.3], [2.54e-07, 97.8], [3.06e-07, 589.1]], 'timestamp': 1711979468121, 'datetime': '2024-04-01T13:51:08.121Z', 'nonce': None}, 'DOT/USDT:USDT': {'symbol': 'DOT/USDT:USDT', 'bids': [[9.0111, 51.3], [9.0108, 392.0], [9.0091, 413.4], [9.0086, 55.1], [9.0076, 396.3], [9.0075, 101.2], [9.0068, 299.6], [9.0064, 500.2], [9.0058, 10256.1], [9.0053, 9959.4]], 'asks': [[9.0176, 59.9], [9.0185, 441.5], [9.0194, 104.9], [9.0202, 104.5], [9.0203, 317.4], [9.0211, 431.1], [9.0214, 306.8], [9.0221, 570.4], [9.0225, 917.8], [9.0227, 682.4]], 'timestamp': 1711986991637, 'datetime': '2024-04-01T15:56:31.637Z', 'nonce': None}, 'LTC/ETH': {'symbol': 'LTC/ETH', 'bids': [[0.028416, 7.277], [0.028391, 0.01], [0.028387, 88.533], [0.028386, 0.01], [0.028385, 0.01], [0.028359, 130.243], [0.028345, 0.001], [0.028324, 615.424], [0.028291, 536.729], [0.028259, 616.482]], 'asks': [[0.028487, 7.604], [0.028512, 99.445], [0.028534, 134.539], [0.028562, 533.42], [0.028589, 613.036], [0.028621, 575.108], [0.028636, 594.844], [0.028641, 544.792], [0.028661, 0.084], [0.028674, 644.156]], 'timestamp': 1711986988787, 'datetime': '2024-04-01T15:56:28.787Z', 'nonce': None}, 'MITH/BTC': {'symbol': 'MITH/BTC', 'bids': [[2.3e-08, 929.0], [2.2e-08, 576.0], [2e-08, 14000.0], [1.9e-08, 500.0], [1.3e-08, 116964.0], [1.2e-08, 29999.0], [1e-08, 11105.0], [9e-09, 69458.0], [7e-09, 1005.0], [6e-09, 249934.0]], 'asks': [[3.5e-08, 585.0], [3.6e-08, 1.0], [3.7e-08, 1.0], [3.8e-08, 1.0], [3.9e-08, 1.0], [4e-08, 1.0], [4.1e-08, 1.0], [4.2e-08, 1001.0], [4.3e-08, 1.0], [4.4e-08, 1.0]], 'timestamp': 1711986859855, 'datetime': '2024-04-01T15:54:19.855Z', 'nonce': None}, 'GMT Token/USDT:USDT': {'symbol': 'GMT Token/USDT:USDT', 'bids': [[0.33424, 172319.9], [0.33423, 60712.1], [0.33422, 67400.6], [0.33418, 47850.3], [0.33398, 88306.0], [0.3338, 94590.5], [0.33352, 133710.4], [0.33329, 150011.9], [0.3332, 955.0], [0.33316, 2065.4]], 'asks': [[0.33451, 1035.0], [0.33452, 1988.3], [0.33462, 5979.7], [0.33463, 7357.0], [0.3347, 976.5], [0.33472, 2052.4], [0.33476, 7102.3], [0.33478, 10547.3], [0.33481, 17655.9], [0.33482, 7873.2]], 'timestamp': 1711986991508, 'datetime': '2024-04-01T15:56:31.508Z', 'nonce': None}, 'HOT/BTC': {'symbol': 'HOT/BTC', 'bids': [[4.551e-08, 249300.0], [4.55e-08, 3900.0], [3.706e-08, 259300.0], [3.705e-08, 235200.0], [3.655e-08, 2917100.0], [3.637e-08, 4362800.0], [3.617e-08, 11007300.0], [3.603e-08, 10062400.0], [3.588e-08, 10583500.0], [3.564e-08, 10877500.0]], 'asks': [[4.641e-08, 229200.0], [4.648e-08, 3092700.0], [4.655e-08, 4181300.0], [4.728e-08, 7500.0], [4.842e-08, 10289100.0], [5.101e-08, 10631600.0], [5.234e-08, 10900200.0], [5.316e-08, 11148600.0], [5.377e-08, 11015500.0], [7.442e-08, 8200.0]], 'timestamp': 1711986991541, 'datetime': '2024-04-01T15:56:31.541Z', 'nonce': None}, 'STOX/BTC': {'symbol': 'STOX/BTC', 'bids': [[5.099e-05, 191.2], [5.095e-05, 2851.9], [5.085e-05, 5979.0], [5.083e-05, 5678.1], [5.081e-05, 17064.5], [5.078e-05, 6457.9], [2.945e-05, 48.3], [2.944e-05, 5462.3], [2.5e-05, 0.1], [2.002e-05, 19.0]], 'asks': [[5.117e-05, 209.0], [5.119e-05, 2858.5], [5.121e-05, 3818.0], [5.123e-05, 11984.4], [5.125e-05, 12164.1], [5.127e-05, 12799.1], [5.128e-05, 11918.0], [5.129e-05, 12564.0], [5.13e-05, 13567.7], [8.675e-05, 29.8]], 'timestamp': 1711986991225, 'datetime': '2024-04-01T15:56:31.225Z', 'nonce': None}, 'MOVR/USDT': {'symbol': 'MOVR/USDT', 'bids': [[19.572, 0.1126], [18.927, 1.8321], [17.866, 3.1679], [17.865, 28.0], [7.81, 0.0187], [6.02, 0.1662], [5.974, 5.7373], [5.8, 0.3448], [3.535, 0.005], [3.53, 0.1]], 'asks': [[19.819, 0.2248], [19.923, 0.6933], [19.936, 32.7442], [19.949, 130.1604], [19.953, 0.8338], [19.964, 305.1085], [19.986, 490.5425], [20.039, 627.376], [20.13, 778.7072], [20.172, 1057.1365]], 'timestamp': 1711986991326, 'datetime': '2024-04-01T15:56:31.326Z', 'nonce': None}, 'NAKA/USDT': {'symbol': 'NAKA/USDT', 'bids': [[1.08312, 18.4], [1.08311, 27.6], [1.08279, 1.5], [0.66331, 15.0], [0.6633, 37.6], [0.66, 0.1], [0.65, 0.2], [0.6, 0.2], [0.51, 86.9], [9e-05, 20909.0]], 'asks': [[9.0, 0.2], [9.89999, 5.8], [9.9, 9.4], [55.0, 1.3], [88.0, 1.0], [5555.0, 0.1], [99999999999.0, 0.1]], 'timestamp': 1711986622630, 'datetime': '2024-04-01T15:50:22.630Z', 'nonce': None}, 'SHIB/USDT': {'symbol': 'SHIB/USDT', 'bids': [[2.81751e-05, 26122000.0], [2.81743e-05, 22982000.0], [2.81729e-05, 99642000.0], [2.81716e-05, 96265000.0], [2.81701e-05, 379181000.0], [2.81643e-05, 242833000.0], [2.81615e-05, 251939000.0], [2.81582e-05, 366935000.0], [2.81503e-05, 453017000.0], [2.81475e-05, 693000.0]], 'asks': [[2.81752e-05, 88410000.0], [2.81835e-05, 533000.0], [2.81873e-05, 23002000.0], [2.81916e-05, 97752000.0], [2.81929e-05, 528000.0], [2.81957e-05, 23258000.0], [2.81971e-05, 94985000.0], [2.81985e-05, 234564000.0], [2.81999e-05, 373947000.0], [2.82014e-05, 249129000.0]], 'timestamp': 1711986991573, 'datetime': '2024-04-01T15:56:31.573Z', 'nonce': None}, 'POLIS/USDT': {'symbol': 'POLIS/USDT', 'bids': [[0.3031, 94.77], [0.30301, 5.69], [0.3, 1.05], [0.26501, 85.12], [0.265, 94.34], [0.25021, 79.0], [0.25, 0.01], [0.24, 0.01], [0.23, 0.01], [0.222, 0.03]], 'asks': [[0.65, 0.49], [0.7, 0.03], [0.75, 0.01], [0.8, 0.01], [0.85, 0.01], [0.9, 0.01], [0.95, 0.01], [0.96, 0.01], [0.969, 0.01], [0.9699, 0.01]], 'timestamp': 1711986505130, 'datetime': '2024-04-01T15:48:25.130Z', 'nonce': None}, 'CLO/BTC': {'symbol': 'CLO/BTC', 'bids': [[3.59e-09, 301910.0], [3.58e-09, 287040.0], [2.84e-09, 100.0], [2.8e-09, 80.0], [2.76e-09, 80.0], [2.73e-09, 80.0], [2.69e-09, 80.0], [2.65e-09, 60.0], [2.62e-09, 80.0], [2.58e-09, 80.0]], 'asks': [[4e-09, 10.0], [4.44e-09, 44000.0], [4.97e-09, 10.0], [5.16e-09, 10.0], [5.43e-09, 150.0], [5.48e-09, 930.0], [5.5e-09, 100.0], [5.78e-09, 240.0], [5.99e-09, 29000.0], [7.95e-09, 3510.0]], 'timestamp': 1711984545250, 'datetime': '2024-04-01T15:15:45.250Z', 'nonce': None}, 'COMP/USDC': {'symbol': 'COMP/USDC', 'bids': [[74.696, 0.205], [74.66, 9.308], [74.637, 9.089], [74.584, 0.256], [72.72, 0.334], [72.719, 114.213], [69.207, 173.21], [67.771, 374.635], [67.305, 377.399], [67.024, 387.394]], 'asks': [[74.889, 10.053], [74.914, 0.197], [74.974, 116.571], [75.027, 0.261], [75.041, 198.285], [75.113, 296.742], [75.183, 286.515], [75.31, 276.744], [75.396, 305.292], [75.528, 274.501]], 'timestamp': 1711986991398, 'datetime': '2024-04-01T15:56:31.398Z', 'nonce': None}, 'ZIL/USDC': {'symbol': 'ZIL/USDC', 'bids': [[0.035188, 437.0], [0.035135, 556.0], [0.034854, 18869.0], [0.034795, 833.0], [0.034794, 277186.0], [0.034745, 419025.0], [0.034685, 512893.0], [0.032506, 575074.0], [0.031355, 550399.0], [0.030576, 578822.0]], 'asks': [[0.03528, 20435.0], [0.035282, 454.0], [0.035329, 247592.0], [0.035335, 531.0], [0.035408, 416331.0], [0.035456, 454708.0], [0.035466, 442835.0], [0.035537, 425469.0], [0.03555, 410955.0], [0.03556, 402638.0]], 'timestamp': 1711986991508, 'datetime': '2024-04-01T15:56:31.508Z', 'nonce': None}, 'THETA/USDT': {'symbol': 'THETA/USDT', 'bids': [[2.77406, 4.7], [2.773722, 5.1], [2.772335, 227.0], [2.771989, 225.4], [2.770795, 886.6], [2.769987, 6.2], [2.76956, 6.4], [2.768851, 916.0], [2.768773, 2311.6], [2.766504, 3296.4]], 'asks': [[2.775278, 5.0], [2.77604, 5.1], [2.777665, 232.7], [2.778855, 216.8], [2.779021, 866.1], [2.77944, 6.2], [2.780209, 907.8], [2.780212, 6.5], [2.781196, 2272.5], [2.782698, 3223.7]], 'timestamp': 1711986991575, 'datetime': '2024-04-01T15:56:31.575Z', 'nonce': None}, 'PMA/ETH': {'symbol': 'PMA/ETH', 'bids': [[1.9e-09, 1200.0], [1.8e-09, 1800.0], [1.7e-09, 2700.0], [1.6e-09, 1900.0], [1.5e-09, 1400.0], [1.4e-09, 1600.0], [1.3e-09, 3100.0], [1.2e-09, 1900.0], [1.1e-09, 666300.0], [1e-09, 107600.0]], 'asks': [[2.3e-09, 1000.0], [2.4e-09, 1000.0], [2.5e-09, 1000.0], [2.6e-09, 1800.0], [2.7e-09, 1000.0], [2.8e-09, 600.0], [2.9e-09, 900.0], [1.11e-08, 500.0], [1.17e-08, 1537400.0], [1.18e-08, 100.0]], 'timestamp': 1711984363071, 'datetime': '2024-04-01T15:12:43.071Z', 'nonce': None}, 'CVNX/USDT': {'symbol': 'CVNX/USDT', 'bids': [[0.005725, 279.3], [0.005724, 1997.7], [0.004413, 8277.0], [0.0044, 2000.0], [0.004009, 2927.3], [0.003201, 3802.3], [0.0032, 400.0], [0.003151, 280.2], [0.00315, 5.0], [0.0031, 1.6]], 'asks': [[0.009539, 2000.0], [0.01, 10000.0], [0.0105, 3045.2], [0.010599, 700.0], [0.0119, 0.1], [0.01199, 0.1], [0.011999, 0.1], [0.012777, 15000.0], [0.012789, 18939.1], [0.01279, 89503.8]], 'timestamp': 1711984496857, 'datetime': '2024-04-01T15:14:56.857Z', 'nonce': None}, 'EOS/ETH': {'symbol': 'EOS/ETH', 'bids': [[0.0002957, 677.24], [0.0002954, 0.98], [0.0002951, 8040.2], [0.0002944, 12966.99], [0.000294, 13524.8], [0.0002934, 13401.23], [0.0002932, 12562.82], [0.0002926, 13646.53], [0.0002912, 13359.96], [0.0002757, 2.33]], 'asks': [[0.0002972, 655.96], [0.0002977, 8559.28], [0.0002981, 13406.31], [0.0002982, 10785.26], [0.0002988, 9812.23], [0.0002991, 19649.72], [0.0002996, 10187.84], [0.0003014, 664.79], [0.0003047, 0.54], [0.000305, 0.01]], 'timestamp': 1711986988975, 'datetime': '2024-04-01T15:56:28.975Z', 'nonce': None}, 'VIB/ETH': {'symbol': 'VIB/ETH', 'bids': [[7.79e-06, 22.0], [7.641e-06, 1.0], [7.04e-07, 349.0], [6.05e-07, 17405.0], [6.04e-07, 1943.0], [5.92e-07, 1689.0], [2.25e-07, 4444.0], [1.04e-07, 4305.0], [1.02e-07, 9803.0], [1e-07, 10000.0]], 'asks': [[9.9675e-05, 1440.0], [9.9676e-05, 350.0], [9.9997e-05, 100.0], [0.0001, 1.0], [0.00011, 1.0], [0.00012, 1.0], [0.00013, 1.0], [0.00014, 1.0], [0.00015, 1.0], [0.00016, 1.0]], 'timestamp': 1711986662810, 'datetime': '2024-04-01T15:51:02.810Z', 'nonce': None}, 'BERRY/BTC': {'symbol': 'BERRY/BTC', 'bids': [[5.82e-09, 299290.0], [5.81e-09, 170210.0], [4.63e-09, 250.0], [4.62e-09, 53040.0], [4.57e-09, 880.0], [4.55e-09, 290.0], [4.12e-09, 700.0], [4.06e-09, 84170.0], [4.05e-09, 300.0], [4.01e-09, 350.0]], 'asks': [[6.86e-09, 10.0], [6.96e-09, 10.0], [7.06e-09, 10.0], [7.16e-09, 10.0], [7.26e-09, 10.0], [7.36e-09, 10.0], [7.46e-09, 10.0], [7.56e-09, 10.0], [7.66e-09, 10.0], [7.76e-09, 10.0]], 'timestamp': 1711986889168, 'datetime': '2024-04-01T15:54:49.168Z', 'nonce': None}, 'AST/USDT': {'symbol': 'AST/USDT', 'bids': [[0.17039, 90.0], [0.17028, 88.0], [0.17014, 4099.0], [0.17002, 106.0], [0.05114, 391.0], [0.05113, 255.0], [0.042, 168.0], [0.041, 50.0], [0.0378, 30.0], [0.03663, 546.0]], 'asks': [[0.17062, 88.0], [0.1708, 4076.0], [0.17088, 105.0], [0.17121, 15256.0], [0.17194, 38231.0], [0.17395, 58116.0], [0.17446, 76519.0], [0.17505, 105695.0], [0.17587, 144975.0], [0.17641, 192896.0]], 'timestamp': 1711986991287, 'datetime': '2024-04-01T15:56:31.287Z', 'nonce': None}, 'DOGE/ETH': {'symbol': 'DOGE/ETH', 'bids': [[3.1201e-06, 1650.0], [3.12e-06, 30.0], [3.1097e-06, 900.0], [2.8e-06, 340.0], [2.6221e-06, 5000.0], [2.622e-06, 1260.0], [2.57e-06, 140.0], [2.5542e-06, 20.0], [2.55e-06, 90.0], [2.5282e-06, 210.0]], 'asks': [[3.6978e-06, 6160.0], [3.6979e-06, 7470.0], [3.7e-06, 1000.0], [3.74e-06, 3510.0], [3.75e-06, 100.0], [3.777e-06, 4070.0], [3.7774e-06, 20.0], [3.887e-06, 440.0], [3.9e-06, 1000.0], [3.911e-06, 80.0]], 'timestamp': 1711986800736, 'datetime': '2024-04-01T15:53:20.736Z', 'nonce': None}, 'BTRST/BTC': {'symbol': 'BTRST/BTC', 'bids': [[9.8e-06, 113.095], [9.79e-06, 125.457], [4.1e-06, 5.0], [4e-06, 0.001], [5e-07, 0.005], [3e-07, 0.005], [2e-07, 0.005], [1e-07, 0.005], [5e-08, 0.005], [1e-08, 0.005]], 'asks': [[1.385e-05, 224.75], [1.4e-05, 0.866], [1.5e-05, 0.001], [1.6e-05, 0.001], [1.7e-05, 0.001], [1.79e-05, 0.001], [1.799e-05, 0.001], [3e-05, 26.466], [3.1e-05, 0.001], [3.2e-05, 0.001]], 'timestamp': 1711986990380, 'datetime': '2024-04-01T15:56:30.380Z', 'nonce': None}, 'SUSHI/BTC': {'symbol': 'SUSHI/BTC', 'bids': [[2.6277e-05, 8.1], [2.6192e-05, 430.7], [2.6188e-05, 396.4], [2.6162e-05, 10.5], [2.614e-05, 5416.8], [2.6114e-05, 1527.2], [2.6085e-05, 7453.9], [2.5955e-05, 3990.0], [2.5236e-05, 21.8], [2.4972e-05, 4.6]], 'asks': [[2.6346e-05, 363.0], [2.6416e-05, 5112.8], [2.6444e-05, 20.5], [2.6445e-05, 8189.6], [2.647e-05, 2352.1], [2.6517e-05, 2176.4], [2.6537e-05, 2283.2], [2.6542e-05, 2253.5], [2.6567e-05, 2406.2], [2.7697e-05, 8.1]], 'timestamp': 1711986991490, 'datetime': '2024-04-01T15:56:31.490Z', 'nonce': None}, 'COMP/USDT': {'symbol': 'COMP/USDT', 'bids': [[74.766, 0.2007], [74.762, 0.1923], [74.748, 9.1276], [74.746, 9.1206], [74.718, 36.9022], [74.702, 35.2774], [74.691, 0.2603], [74.683, 0.256], [74.633, 95.4508], [74.612, 92.331]], 'asks': [[74.808, 0.2083], [74.819, 8.7263], [74.824, 0.2094], [74.844, 8.836], [74.849, 36.2753], [74.869, 35.7522], [74.888, 58.3435], [74.89, 0.2544], [74.907, 0.2452], [74.917, 57.5004]], 'timestamp': 1711986991588, 'datetime': '2024-04-01T15:56:31.588Z', 'nonce': None}, 'ONG/BTC': {'symbol': 'ONG/BTC', 'bids': [[1.332e-06, 20.0], [1.06e-07, 2.5], [1.01e-07, 16764.5], [1e-07, 1000.0], [3e-08, 0.5], [2.9e-08, 0.5], [2.7e-08, 18547.7], [6e-09, 0.5], [5e-09, 20000.5], [2e-09, 0.5]], 'asks': [[4e-06, 7.0], [5e-06, 0.1], [5.5e-06, 19.7], [6e-06, 0.1], [6.5e-06, 0.1], [6.9e-06, 0.1], [6.99e-06, 0.1], [6.999e-06, 0.1], [8e-06, 0.1], [9e-06, 0.1]], 'timestamp': 1711955228874, 'datetime': '2024-04-01T07:07:08.874Z', 'nonce': None}, 'SHIB/USDC': {'symbol': 'SHIB/USDC', 'bids': [[2.816459e-05, 541000.0], [2.814565e-05, 25647000.0], [2.814268e-05, 27276000.0], [2.81223e-05, 668000.0], [2.812081e-05, 95935000.0], [2.811672e-05, 357359000.0], [2.809127e-05, 251440000.0], [2.809005e-05, 493878000.0], [2.806453e-05, 367930000.0], [2.805793e-05, 2414360000.0]], 'asks': [[2.817374e-05, 88410000.0], [2.819341e-05, 568000.0], [2.819352e-05, 23616000.0], [2.822505e-05, 337218000.0], [2.82357e-05, 668000.0], [2.824285e-05, 502416000.0], [2.832133e-05, 2671583000.0], [2.845848e-05, 1971000.0], [2.845849e-05, 2920074000.0], [2.869207e-05, 3017258000.0]], 'timestamp': 1711986991216, 'datetime': '2024-04-01T15:56:31.216Z', 'nonce': None}, 'SPA/USDT': {'symbol': 'SPA/USDT', 'bids': [[0.008393, 3570.0], [0.008367, 200.0], [0.008101, 700.0], [0.0081, 3080.0], [0.008094, 250.0], [0.008, 230.0], [0.0061, 40.0], [2e-05, 7510.0], [1.2e-05, 156830.0], [3e-06, 23790.0]], 'asks': [[0.02665, 440.0], [0.0288, 110.0], [0.039, 10.0], [0.069006, 330.0], [0.07, 10.0], [0.072, 10.0], [0.08, 10.0], [0.09, 10.0], [0.1, 220.0], [0.2, 10.0]], 'timestamp': 1711986979780, 'datetime': '2024-04-01T15:56:19.780Z', 'nonce': None}, 'WAVES/BTC': {'symbol': 'WAVES/BTC', 'bids': [[5.768e-05, 4.03], [5.765e-05, 171.34], [5.759e-05, 5.09], [5.752e-05, 859.4], [5.736e-05, 2145.06], [5.608e-05, 3662.72], [5.421e-05, 0.07], [5.351e-05, 29499.72], [5.316e-05, 1.86], [5.266e-05, 1.88]], 'asks': [[5.795e-05, 178.75], [5.832e-05, 2176.03], [6.096e-05, 292.35], [6.097e-05, 4.88], [6.449e-05, 45.0], [6.599e-05, 7.64], [6.6e-05, 0.01], [6.699e-05, 3.14], [6.7e-05, 0.01], [6.8e-05, 10.01]], 'timestamp': 1711986990698, 'datetime': '2024-04-01T15:56:30.698Z', 'nonce': None}, 'VALUE/BTC': {'symbol': 'VALUE/BTC', 'bids': [[1.4e-07, 285.71], [1.2e-07, 800.0], [1e-07, 1000.0], [5e-08, 45157.81], [4e-08, 2500.0], [3e-08, 3333.33], [2e-08, 10163.82], [1e-08, 22000.05]], 'asks': [[5.8e-07, 100.0], [6.5e-07, 40.01], [8.5e-07, 0.26], [1.88e-06, 62.75], [1.99e-06, 100.0], [2.01e-06, 5369.97], [2.2e-06, 0.01], [2.6e-06, 0.01], [2.9e-06, 0.01], [3.1e-06, 0.01]], 'timestamp': 1711984387453, 'datetime': '2024-04-01T15:13:07.453Z', 'nonce': None}, 'ATLAS/USDT': {'symbol': 'ATLAS/USDT', 'bids': [[0.007226, 200.0], [0.007225, 173.0], [0.005574, 3938.0], [0.005573, 6069.0], [0.005345, 5480.0], [0.004596, 6777.0], [0.004192, 23.0], [0.003852, 4449.0], [0.003752, 2419.0], [0.00365, 3.0]], 'asks': [[0.008203, 2.0], [0.009999, 4730.0], [0.01, 3467.0], [0.011818, 9.0], [0.01182, 8.0], [0.011821, 1191.0], [0.012, 10.0], [0.012948, 1000.0], [0.012987, 8.0], [0.013, 1.0]], 'timestamp': 1711986990576, 'datetime': '2024-04-01T15:56:30.576Z', 'nonce': None}