Timestamp,OrderBook
1711986988,"{'AAVE/BTC': {'symbol': 'AAVE/BTC', 'bids': [[0.001803, 0.07], [0.001797, 0.44], [0.001725, 2.26], [0.001724, 0.45], [0.001703, 0.45], [0.001675, 1.87], [0.001665, 4.68], [0.001663, 0.94], [0.001658, 2.82], [0.001648, 4.73], [0.001645, 1.42], [0.001643, 0.95], [0.001637, 0.41], [0.001636, 3.34], [0.001634, 0.11], [0.001632, 1.91], [0.001631, 0.18], [0.001624, 0.26], [0.001618, 0.24], [0.001615, 0.11], [0.001607, 0.27], [0.001605, 0.07], [0.001594, 0.43], [0.001581, 0.79], [0.001577, 0.15], [0.001571, 0.23], [0.001559, 0.3], [0.001554, 0.2], [0.001544, 0.57], [0.001477, 2.77], [0.001472, 0.21], [0.001363, 1.72], [0.001359, 2.3], [0.001167, 2.12], [0.000199, 47.56], [0.000198, 10.87], [6e-06, 481.46], [1e-06, 2888.86]], 'asks': [[0.001843, 13.07], [0.00185, 2.78], [0.001851, 0.14], [0.001852, 0.64], [0.001962, 2.43], [0.001965, 1.2], [0.00197, 3.01], [0.00199, 1.79], [0.001992, 4.77], [0.00201, 1.18], [0.002012, 1.18], [0.002015, 13.63], [0.002018, 2.94], [0.00202, 0.35], [0.002023, 0.21], [0.002031, 0.56], [0.002032, 1.75], [0.002034, 0.07], [0.002035, 0.14], [0.002038, 3.5], [0.002046, 0.49], [0.002048, 4.65], [0.00205, 3.48], [0.002053, 0.2], [0.002059, 0.3], [0.002073, 0.96], [0.002074, 0.06], [0.002086, 0.54], [0.002089, 0.34], [0.002101, 0.68], [0.002132, 1.88], [0.002137, 0.33], [0.002203, 1.61], [0.002206, 1.61], [0.002588, 7.15], [0.005278, 0.62]], 'timestamp': 1711986991000, 'datetime': '2024-04-01T15:56:31.000Z', 'nonce': None}, 'AAVE/USDT': {'symbol': 'AAVE/USDT', 'bids': [[123.96, 0.188], [121.907, 4.756], [112.716, 0.036], [112.486, 0.039], [112.137, 0.148], [112.052, 0.014], [111.967, 0.051], [110.836, 0.198], [110.34, 0.082], [109.327, 0.18], [108.052, 0.229], [107.009, 0.189], [105.649, 0.25], [96.129, 0.258], [90.0, 0.283], [80.0, 0.808], [26.0, 6.881], [18.54, 4.854], [6.001, 348.344], [6.0, 101.002], [0.121, 735.651], [0.12, 20.0], [0.015, 3000.0], [0.012, 100.0], [0.002, 500.0], [0.001, 1000.0]], 'asks': [[126.02, 0.3], [128.385, 2.623], [129.715, 1.08], [138.191, 0.09], [138.964, 0.165], [139.3, 0.071], [139.467, 0.035], [140.445, 0.207], [141.567, 0.226], [142.423, 0.072], [142.536, 0.023], [142.867, 0.068], [145.077, 0.076], [146.377, 0.265], [152.5, 17.421], [270.873, 0.073], [300.0, 0.114], [350.0, 10.683], [375.0, 0.114]], 'timestamp': 1711986991000, 'datetime': '2024-04-01T15:56:31.000Z', 'nonce': None}, 'ADA/USDT': {'symbol': 'ADA/USDT', 'bids': [[0.60807, 562.4], [0.60392, 2148.0], [0.60158, 828.6], [0.59567, 2107.3], [0.54937, 10618.2], [0.54933, 7.3], [0.54823, 201.9], [0.54806, 31.2], [0.54777, 53.3], [0.54692, 156.5], [0.54675, 31.3], [0.54672, 5.5], [0.54474, 476.0], [0.54422, 207.2], [0.54356, 122.2], [0.54178, 330.5], [0.53856, 658.2], [0.53656, 322.7], [0.52461, 2269.3], [0.51954, 18.5], [0.51819, 1240.9], [0.51556, 180.6], [0.51504, 981.4], [0.51496, 27.3], [0.51432, 29.2], [0.51228, 93.3], [0.5117, 26.6], [0.51161, 4.1], [0.50531, 291.0], [0.50452, 36.7], [0.50379, 2225.1], [0.49982, 797.1], [0.48219, 11.6], [0.48018, 98.1], [0.46426, 276.1], [0.46406, 4.8], [0.45, 222.2], [0.406, 158.0], [0.298, 189.0], [0.07301, 3423.6], [0.072, 6944.4], [0.01, 200.0], [0.00102, 9803.9], [0.001, 2000.0], [0.00072, 4540.1], [0.00012, 25000.0], [0.0001, 20000.0], [2e-05, 75000.0], [1e-05, 300000.0]], 'asks': [[0.61613, 1828.0], [0.62563, 2810.4], [0.65381, 10396.2], [0.67146, 9153.9], [0.67265, 170.0], [0.67326, 87.0], [0.67444, 168.1], [0.6752, 108.2], [0.67546, 52.6], [0.67558, 17.0], [0.67678, 159.0], [0.67755, 109.2], [0.67801, 65.2], [0.67808, 9.9], [0.67898, 137.3], [0.68097, 281.0], [0.68464, 516.1], [0.68765, 448.9], [0.69172, 757.0], [0.6943, 374.9], [0.70753, 1810.3], [0.70801, 184.4], [0.7097, 85.0], [0.71122, 76.3], [0.71156, 17.0], [0.71434, 920.2], [0.71583, 213.3], [0.71925, 169.9], [0.71945, 9.9], [0.72121, 87.1], [0.72386, 119.9], [0.72678, 143.5], [0.74663, 227.6], [0.78011, 4.6], [0.78716, 488.5], [0.79052, 151.9], [1.85169, 76.6], [2.10972, 243.1], [3.0, 24.7], [10.0, 0.7]], 'timestamp': 1711986991000, 'datetime': '2024-04-01T15:56:31.000Z', 'nonce': None}, 'ADA/VET': {'symbol': 'ADA/VET', 'bids': [[14.034, 9.0], [14.015, 9.0], [13.999, 9.0], [13.906, 487.0], [13.878, 97.0], [13.794, 286.0], [13.628, 9.0], [13.541, 25.0], [13.441, 30.0], [13.341, 25.0], [13.241, 25.0], [13.233, 168.0], [13.141, 25.0], [13.074, 283.0], [13.041, 25.0], [12.941, 20.0], [12.841, 18.0], [12.828, 446.0], [12.796, 58.0], [12.661, 249.0], [12.611, 24086.0], [12.609, 36.0], [12.608, 18.0], [12.606, 36.0], [12.594, 253.0], [12.592, 36.0], [12.578, 254.0], [12.553, 781.0], [12.524, 336.0], [12.498, 675.0], [12.48, 292.0], [12.467, 107.0], [12.46, 366.0], [12.455, 20.0], [12.424, 660.0], [12.392, 141.0], [12.368, 1031.0], [12.355, 20.0], [12.272, 277.0], [12.244, 53.0], [12.23, 1675.0], [12.211, 355.0], [12.196, 280.0], [12.155, 20.0], [12.086, 2070.0], [12.071, 283.0], [12.056, 417.0], [12.055, 20.0], [12.032, 739.0], [12.029, 56.0], [11.955, 20.0], [11.923, 225.0], [11.855, 20.0], [11.828, 187.0], [11.755, 20.0], [11.655, 20.0], [11.555, 20.0], [11.455, 20.0], [11.355, 20.0], [11.255, 20.0], [11.2, 11.0], [11.155, 20.0], [11.055, 20.0], [11.0, 198.0], [10.292, 13.0], [10.198, 575.0], [9.0, 24.0], [3.99, 250.0], [3.49, 250.0], [3.007, 913.0], [2.99, 500.0], [2.007, 758.0], [1.113, 1328.0], [1.007, 1512.0], [0.2, 2000.0], [0.012, 8416.0], [0.002, 50500.0]], 'asks': [[14.045, 9.0], [14.848, 456.0], [14.93, 196.0], [14.987, 135.0], [15.009, 52.0], [15.35, 801.0], [15.433, 99.0], [15.485, 119.0], [15.593, 367.0], [15.734, 584.0], [15.832, 221.0], [15.922, 202.0], [16.127, 456.0], [17.155, 12.0], [25.1, 404.0], [36.0, 27.0], [72.12, 3147.0]], 'timestamp': 1711986991000, 'datetime': '2024-04-01T15:56:31.000Z', 'nonce': None}, 'ARB/USDT': {'symbol': 'ARB/USDT', 'bids': [[1.5396, 9.56], [1.5147, 15.15], [1.4763, 2.0], [1.4584, 35.92], [1.4, 135.76], [1.3964, 3.46], [1.3925, 9.23], [1.3831, 9.1], [1.3759, 7.01], [1.3588, 16.81], [1.3479, 7.06], [1.2872, 5.42], [1.2407, 1.44], [1.1594, 23.78], [0.601, 12.79], [0.5, 10.0], [0.301, 19.15], [0.11, 593.87], [0.1, 100.0], [0.08, 108.12], [0.05, 100.0], [0.01, 6535.57], [0.005, 200.0], [0.0012, 2000.0], [0.0002, 20000.0]], 'asks': [[1.5708, 10.45], [1.5875, 11.09], [1.6046, 22.46], [1.6318, 2.9], [1.6904, 2.01], [1.71, 156.82], [1.7176, 7.29], [1.7208, 3.06], [1.741, 7.48], [1.7437, 2.54], [1.7528, 8.56], [1.7721, 18.01], [1.7863, 3.27], [1.8147, 42.7], [1.8187, 3.62], [1.8265, 3.31], [1.9325, 21.27]], 'timestamp': 1711986991000, 'datetime': '2024-04-01T15:56:31.000Z', 'nonce': None}, 'ATOM/USDT': {'symbol': 'ATOM/USDT', 'bids': [[11.49489, 0.2], [11.43928, 115.0], [11.38482, 2.6], [10.36681, 4.1], [10.32114, 0.8], [10.08028, 4.6], [9.99944, 4.4], [9.94876, 0.9], [9.90438, 1.8], [9.76946, 2.6], [9.61802, 6.2], [9.49159, 1.8], [9.22472, 5.5], [7.77, 3.2], [7.13892, 5.8], [0.51001, 489.9], [0.5, 90.0], [0.2615, 132.3], [0.261, 697.0], [0.1, 10.0], [0.01, 100.0], [0.0015, 2500.0], [0.001, 1000.0], [0.00015, 10000.0], [0.0001, 10000.0], [2e-05, 50000.0], [1e-05, 200000.0]], 'asks': [[11.50929, 0.2], [11.51539, 0.2], [11.61483, 24.8], [11.62578, 2.3], [11.71754, 19.6], [12.36556, 21.4], [12.449, 1.8], [12.4848, 0.8], [12.58622, 2.5], [12.69209, 2.4], [12.74518, 1.2], [12.88863, 3.7], [12.92452, 0.8], [12.99, 1.0], [13.22764, 6.8], [13.28712, 4.8], [13.49, 1.0], [13.9, 1.0], [14.19, 1.0], [14.20367, 19.8], [14.25988, 1.1], [14.46712, 4.4], [14.76377, 11.4], [14.98, 2.0], [137430.0, 1.4]], 'timestamp': 1711986991000, 'datetime': '2024-04-01T15:56:31.000Z', 'nonce': None}, 'BCH/USDT': {'symbol': 'BCH/USDT', 'bids': [[627.51, 1.06042], [627.11, 0.07647], [625.9, 0.3673], [625.79, 0.02049], [623.18, 0.50128], [602.59, 0.19849], [595.45, 0.04117], [584.5, 0.11531], [583.15, 0.04144], [578.42, 0.03151], [573.88, 0.03049], [571.04, 0.04968], [559.41, 0.0642], [538.69, 0.14604], [533.25, 0.03927], [513.68, 0.06537], [512.99, 0.09978], [440.21, 0.21008], [410.32, 0.37462], [1.17, 198.37158], [1.11, 1.11], [0.14, 36.0], [0.1, 10.0], [0.02, 75.0], [0.01, 100.0]], 'asks': [[634.88, 0.04968], [637.81, 5.84196], [639.8, 2.8023], [640.48, 0.29869], [641.37, 0.28949], [643.95, 1.14211], [667.62, 0.0184], [671.17, 0.03188], [676.58, 0.08016], [681.53, 0.12399], [684.13, 0.02651], [691.14, 0.0613], [697.4, 0.08275], [700.63, 0.02778], [725.51, 0.2376], [727.06, 0.01283], [746.33, 0.17013], [751.15, 0.0387], [762.65, 0.05385], [770.53, 0.08147]], 'timestamp': 1711986991000, 'datetime': '2024-04-01T15:56:31.000Z', 'nonce': None}, 'BCH/VET': {'symbol': 'BCH/VET', 'bids': [[14568.0, 0.04026], [14428.0, 2.88762], [14386.0, 0.83303], [14284.0, 2.03324], [14163.0, 0.05113], [14141.0, 0.02349], [14116.0, 0.02674], [14015.0, 0.08495], [13991.0, 0.05714], [13925.0, 0.07145], [13835.0, 0.06105], [13798.0, 0.02516], [13767.0, 0.07446], [13688.0, 0.08696], [13135.0, 0.02988], [13098.0, 10.9525], [13056.0, 0.32884], [13030.0, 0.2041], [13013.0, 0.13367], [12999.0, 0.11021], [12988.0, 0.08668], [12963.0, 0.18939], [12919.0, 0.34812], [12911.0, 0.06342], [12894.0, 0.1349], [12882.0, 0.09533], [12866.0, 0.12725], [12837.0, 0.23104], [12816.0, 0.16763], [12801.0, 0.1199], [12767.0, 0.27231], [12616.0, 1.21821], [12610.0, 0.0487], [12327.0, 2.32404], [11428.0, 0.0257], [3007.0, 0.46163], [300.0, 2.33333], [15.0, 400.00074], [12.0, 8.41666], [4.0, 37.5], [2.0, 50.5]], 'asks': [[14721.0, 2.11194], [14737.0, 0.22944], [15004.0, 0.05232], [15197.0, 0.0662], [15387.0, 0.08792], [15430.0, 0.08461], [15462.0, 0.0325], [15509.0, 0.03037], [15966.0, 0.07189], [16055.0, 8.80193], [16088.0, 0.15873], [16125.0, 0.18668], [16136.0, 0.06214], [16143.0, 0.03952], [16166.0, 0.10716], [16208.0, 0.23644], [16219.0, 0.03371], [16298.0, 0.44277], [16318.0, 0.11175], [16326.0, 0.04466], [16379.0, 0.29534], [16574.0, 1.07848], [16645.0, 0.38953], [17143.0, 0.0306], [18176.0, 0.10131]], 'timestamp': 1711986991000, 'datetime': '2024-04-01T15:56:31.000Z', 'nonce': None}, 'BNB/USDT': {'symbol': 'BNB/USDT', 'bids': [[572.4726, 11.63], [568.23, 11.09], [568.0382, 0.37], [567.205, 1.62], [517.6429, 26.64], [516.0838, 0.16], [515.5902, 0.2], [515.443, 0.5], [514.3434, 0.55], [513.7868, 0.28], [513.2725, 0.26], [511.745, 0.73], [510.9466, 0.15], [508.1434, 1.69], [505.7213, 0.45], [502.7329, 2.79], [502.4554, 0.14], [502.029, 0.22], [501.6061, 0.12], [500.0754, 0.42], [496.3034, 1.61], [496.2705, 0.11], [486.8565, 5.0], [482.7318, 4.14], [481.9245, 0.43], [481.7876, 0.07], [480.0301, 0.95], [471.6715, 7.81], [410.0172, 0.81], [250.0, 0.03], [18.9196, 84.78], [18.9195, 14.92], [18.011, 9.16], [18.0, 0.13], [0.2611, 95.74], [0.261, 411.61], [0.15, 334.42], [0.1, 20.0], [0.0151, 335.27], [0.015, 68.0], [0.0101, 501.25], [0.01, 200.0], [0.0015, 680.0], [0.0011, 9090.9], [0.001, 2000.0], [0.0002, 50000.0], [0.0001, 20000.0]], 'asks': [[573.8656, 0.02], [579.7095, 8.73], [619.7763, 0.06], [623.8621, 64.34], [630.7691, 21.86], [632.5694, 0.54], [632.7613, 0.72], [634.2746, 0.29], [635.2413, 0.22], [635.7763, 0.06], [636.3797, 1.3], [637.2309, 0.3], [639.7266, 0.76], [639.9203, 0.06], [641.3061, 0.49], [642.423, 0.96], [642.6486, 0.1], [644.7919, 0.84], [648.1966, 1.2], [648.3874, 0.06], [649.9944, 0.64], [651.425, 1.36], [652.4938, 0.55], [653.4785, 0.49], [653.9023, 0.87], [655.0179, 0.17], [656.1931, 0.44], [656.6704, 0.96], [656.78, 0.03], [658.3062, 0.53], [664.5155, 2.63], [668.228, 0.66], [675.9096, 0.1], [679.9399, 3.12], [699.9999, 0.3], [759.907, 0.63], [810.1105, 0.63]], 'timestamp': 1711986991000, 'datetime': '2024-04-01T15:56:31.000Z', 'nonce': None}, 'BNB/VET': {'symbol': 'BNB/VET', 'bids': [[13192.99, 0.018], [13132.77, 13.381], [13058.05, 7.568], [12977.0, 4.367], [12795.99, 0.03], [12740.39, 13.856], [12106.68, 0.037], [11918.1, 0.052], [11870.97, 12.644], [11860.23, 4.125], [11833.19, 0.382], [11826.3, 0.049], [11819.3, 0.07], [11803.7, 0.103], [11794.5, 0.182], [11755.32, 0.241], [11753.03, 0.423], [11733.65, 0.198], [11709.85, 0.243], [11701.12, 0.433], [11697.08, 0.041], [11682.73, 0.189], [11655.38, 0.281], [11638.96, 0.169], [11589.33, 0.556], [11558.37, 0.104], [11480.6, 2.103], [11418.1, 0.052], [11328.18, 1.603], [11243.57, 1.185], [11125.39, 2.174], [11069.69, 0.603], [10918.88, 1.147], [10819.78, 0.083], [10645.29, 0.042], [10493.74, 1.554], [10398.79, 0.355], [10279.35, 0.021], [10255.5, 0.543], [10220.77, 0.021], [10058.86, 0.038], [9996.36, 0.013], [9983.94, 0.054], [9946.91, 1.176], [9698.23, 0.209], [9672.26, 1.096], [9564.35, 0.439], [9275.34, 1.201], [9110.96, 0.039], [8637.41, 4.43], [8293.66, 1.59], [6426.47, 0.063], [4500.39, 1.17], [4500.38, 0.142], [3371.68, 1.562], [3371.67, 0.03], [3171.67, 0.05], [1100.01, 1.122], [1100.0, 0.636], [12.04, 60.193], [12.03, 594.266], [12.0, 8.416], [2.11, 10158.823], [2.1, 104.414], [2.0, 50.5]], 'asks': [[13415.51, 20.575], [13453.13, 0.02], [13503.11, 7.897], [13555.15, 0.021], [13561.95, 14.079], [13775.49, 0.01], [13919.24, 0.01], [14470.55, 6.638], [14508.98, 0.192], [14559.14, 0.232], [14614.52, 0.254], [14633.38, 0.093], [14649.6, 0.08], [14684.87, 0.232], [14694.74, 0.682], [14835.72, 0.344], [14842.92, 0.776], [14868.4, 0.37], [14905.17, 0.277], [14932.52, 0.108], [14967.99, 0.175], [15007.25, 0.189], [15049.09, 0.462], [15110.69, 0.529], [15139.53, 0.137], [15232.23, 1.29], [15321.68, 1.411], [15362.99, 0.277], [15479.97, 0.55], [15627.95, 1.159], [15718.11, 0.543], [15766.52, 0.182], [15975.92, 0.784], [16408.7, 2.373], [16726.62, 0.171], [17967.41, 0.082], [18018.42, 0.09], [19756.72, 0.179], [20000.0, 0.5], [20602.01, 0.211], [25000.0, 1.261], [50000.0, 0.5], [100000.0, 0.5]], 'timestamp': 1711986991000, 'datetime': '2024-04-01T15:56:31.000Z', 'nonce': None}, 'BTC/USDT': {'symbol': 'BTC/USDT', 'bids': [[68415.54, 9.4e-05], [67521.56, 0.062879], [67024.69, 0.002598], [66879.38, 0.186305], [63171.71, 0.00338], [62230.77, 0.005877], [62000.0, 0.000806], [61850.76, 0.002398], [60000.0, 0.349851], [55795.13, 0.002048], [54128.34, 0.011877], [52500.0, 0.001213], [52186.75, 0.000477], [47856.47, 0.000229], [47827.39, 0.0021], [47162.82, 0.000503], [45738.73, 0.00051], [44254.46, 0.00052], [38500.0, 0.001665], [33100.0, 0.000514], [32700.0, 0.0137], [17000.0, 0.00025], [150.0, 0.110874], [112.0, 0.028524], [111.01, 0.450409], [16.01, 20.649807], [16.0, 0.149752], [15.5, 0.347812], [15.02, 1.997302], [15.0, 0.2], [11.5, 0.156263], [11.05, 4.524886], [10.0, 6.773467], [2.0, 0.5], [1.11, 1.11], [0.1, 10.0], [0.01, 100.0]], 'asks': [[68424.91, 0.000132], [68706.3, 0.000101], [69075.66, 0.005913], [69108.18, 0.203943], [69114.07, 0.001746], [69299.5, 0.067223], [69644.85, 0.004876], [70366.05, 0.006122], [71381.4, 0.004661], [71642.49, 0.002169], [72508.58, 0.00714], [73160.63, 0.010133], [74917.14, 0.014098], [75244.19, 0.002588], [76860.25, 0.009376], [78621.03, 0.01346], [79310.8, 0.00519], [80792.19, 0.010919], [81840.69, 0.007662], [84198.8, 0.01688], [89371.05, 0.002334], [89996.0, 0.000896], [119000.0, 0.000224], [145000.0, 0.005], [148000.0, 0.000168], [164000.0, 1.5e-05], [178000.0, 0.000126], [195000.0, 7e-06], [196000.0, 9.4e-05], [214000.0, 8e-06], [242000.0, 7.1e-05], [289000.0, 5.3e-05], [325000.0, 4e-05], [389000.0, 6e-05], [444000.0, 3e-05], [489000.0, 3.1e-05], [1520000.0, 0.002]], 'timestamp': 1711986991000, 'datetime': '2024-04-01T15:56:31.000Z', 'nonce': None}, 'COMP/BTC': {'symbol': 'COMP/BTC', 'bids': [[0.001087, 7.775], [0.00108, 1.566], [0.001071, 1.231], [0.001037, 0.129], [0.001035, 0.194], [0.001032, 5.457], [0.001025, 0.651], [0.001015, 0.525], [0.00101, 0.33], [0.001005, 0.332], [0.001002, 0.2], [0.000993, 0.605], [0.00099, 0.667], [0.000982, 11.5], [0.00098, 0.221], [0.000979, 0.332], [0.000977, 0.885], [0.000975, 0.444], [0.000972, 0.334], [0.000968, 0.783], [0.000966, 0.224], [0.000963, 0.338], [0.000958, 0.453], [0.000949, 1.951], [0.000948, 0.913], [0.000943, 0.344], [0.000925, 2.091], [0.00092, 0.589], [0.000916, 0.823], [0.000912, 2.668], [0.000904, 2.409], [0.000893, 2.766], [0.00089, 0.163], [0.000213, 38.019], [0.000212, 10.164], [1e-06, 16182.298]], 'asks': [[0.001099, 8.224], [0.001103, 1.793], [0.001104, 0.156], [0.00114, 5.528], [0.001147, 4.048], [0.00115, 0.214], [0.001151, 0.142], [0.001158, 0.355], [0.001161, 0.496], [0.001173, 0.139], [0.001182, 0.627], [0.001194, 0.966], [0.001199, 0.343], [0.001201, 8.75], [0.001204, 0.152], [0.001209, 0.379], [0.00121, 1.46], [0.001218, 0.603], [0.001223, 0.224], [0.001225, 0.373], [0.001232, 0.148], [0.001235, 0.222], [0.001251, 0.659], [0.00126, 3.324], [0.001262, 0.507], [0.001272, 0.505], [0.001282, 0.716], [0.001286, 2.46], [0.015, 0.041]], 'timestamp': 1711986991000, 'datetime': '2024-04-01T15:56:31.000Z', 'nonce': None}, 'COMP/USDT': {'symbol': 'COMP/USDT', 'bids': [[73.84, 0.82632], [73.65, 0.21043], [73.01, 0.71284], [70.97, 0.0473], [70.95, 0.06626], [70.68, 0.2562], [70.48, 0.19041], [70.16, 0.30578], [70.11, 0.04788], [69.33, 0.23215], [69.11, 0.21349], [68.93, 0.1752], [68.24, 0.27506], [1.08, 417.1222], [1.07, 56.49342], [0.05, 40.0], [0.02, 12894.38432]], 'asks': [[75.33, 3.69619], [75.34, 0.7751], [75.43, 0.09259], [75.59, 0.16414], [79.14, 0.20814], [79.19, 0.05195], [79.54, 0.26931], [79.58, 0.04135], [79.72, 0.18593], [79.75, 0.03095], [79.96, 0.17507], [80.23, 0.27729], [81.65, 0.0806], [81.85, 0.2012], [82.1, 0.25086], [82.26, 0.41101]], 'timestamp': 1711986991000, 'datetime': '2024-04-01T15:56:31.000Z', 'nonce': None}, 'CRV/USDT': {'symbol': 'CRV/USDT', 'bids': [[0.642, 4.0], [0.639, 436.191], [0.637, 146.215], [0.636, 44.146], [0.611, 2.555], [0.607, 12.836], [0.606, 686.269], [0.604, 5.164], [0.603, 7.77], [0.601, 12.964], [0.586, 2.669], [0.567, 54.244], [0.558, 73.738], [0.536, 37.389], [0.517, 35.805], [0.513, 12.161], [0.01, 34088.572]], 'asks': [[0.645, 4.275], [0.646, 4.723], [0.648, 4.034], [0.684, 13.918], [0.69, 20.748], [0.692, 7.548], [0.697, 23.98], [0.701, 27.392], [0.705, 10.119], [0.707, 16.822], [0.709, 20.145], [0.711, 6.688], [0.715, 13.328], [0.738, 48.729], [0.743, 16.023], [0.75, 22.277], [0.752, 6.326], [0.764, 28.283], [0.806, 6.92]], 'timestamp': 1711986991000, 'datetime': '2024-04-01T15:56:31.000Z', 'nonce': None}, 'DASH/USDT': {'symbol': 'DASH/USDT', 'bids': [[36.87, 2.41395], [36.29, 0.53805], [36.0, 5.69634], [35.61, 2.59836], [35.6, 0.48579], [35.56, 0.05918], [34.68, 0.31956], [34.63, 0.0304], [34.31, 0.17737], [34.24, 0.04303], [33.5, 0.0985], [33.27, 0.76481], [32.89, 0.77362], [32.76, 0.41023], [32.61, 0.62011], [32.33, 0.29778], [32.03, 1.99177], [31.9, 0.45694], [31.66, 0.44123], [31.33, 3.70853], [31.1, 0.82786], [30.85, 0.54618], [30.79, 1.11185], [30.52, 0.97778], [30.35, 0.62009], [28.29, 1.27166], [27.57, 0.54318], [25.85, 0.49944], [1.14, 711.73667], [1.11, 1.11], [0.1, 10.0], [0.02, 250.0], [0.01, 350.0]], 'asks': [[37.73, 2.01731], [37.74, 0.04132], [38.16, 0.93761], [38.33, 0.16863], [38.51, 1.95523], [38.92, 0.41169], [39.14, 0.21382], [39.21, 0.16482], [40.09, 0.47115], [40.26, 0.16054], [40.43, 0.15984], [40.66, 0.21519], [41.25, 7.80006], [41.29, 0.08071], [41.35, 0.12092], [41.43, 0.36301], [41.48, 0.10044], [41.62, 0.2806], [41.67, 0.17706], [41.72, 0.05989], [41.91, 0.35884], [41.93, 0.03973], [41.96, 0.05856], [41.98, 0.46367], [42.01, 0.05836], [42.09, 0.11893], [42.18, 0.36152], [42.2, 0.16927], [42.29, 0.17742], [42.4, 0.38718], [42.45, 0.09814], [42.65, 0.39144], [44.4, 3.34888], [44.62, 0.41163], [48.27, 0.48628], [49.29, 0.44907], [145.06, 0.02893], [400.0, 0.00251]], 'timestamp': 1711986991000, 'datetime': '2024-04-01T15:56:31.000Z', 'nonce': None}, 'DASH/VET': {'symbol': 'DASH/VET', 'bids': [[853.0, 10.06156], [849.0, 1.97469], [846.0, 0.6757], [805.0, 0.22611], [776.0, 16.46603], [769.0, 0.23343], [765.0, 0.23478], [762.0, 0.35253], [754.0, 0.35706], [751.0, 0.20422], [749.0, 0.47955], [744.0, 0.60229], [740.0, 1.08989], [737.0, 0.36575], [731.0, 0.73506], [723.0, 0.31595], [722.0, 0.49743], [708.0, 0.22982], [688.0, 2.05875], [667.0, 0.57716], [653.0, 0.33552], [648.0, 0.29495], [13.0, 100.00337], [12.0, 58.33333], [2.0, 300.0]], 'asks': [[863.0, 9.93843], [867.0, 2.20836], [870.0, 1.19256], [872.0, 0.47681], [877.0, 0.37829], [929.0, 0.27621], [942.0, 10.47551], [948.0, 0.3454], [949.0, 0.3188], [950.0, 0.22934], [952.0, 0.22189], [962.0, 0.3372], [966.0, 0.33851], [967.0, 0.23381], [968.0, 0.4511], [969.0, 0.11236], [972.0, 0.44784], [975.0, 0.33572], [987.0, 1.33117], [988.0, 0.11019], [993.0, 0.54933], [997.0, 0.45725], [1006.0, 0.36139], [1025.0, 3.45531], [1039.0, 0.48306], [1126.0, 0.67968], [1411.0, 10.0]], 'timestamp': 1711986991000, 'datetime': '2024-04-01T15:56:31.000Z', 'nonce': None}, 'DEGEN/USDT': {'symbol': 'DEGEN/USDT', 'bids': [[3.11e-08, 500000000.0], [3.1e-08, 161290322.0], [2.27e-08, 748898678.0], [2.26e-08, 4352207409.0], [1e-10, 10000000000.0]], 'asks': [[7e-07, 215218895.0], [8.24e-07, 13759163.0], [9.43e-07, 4094558.0], [1.15e-06, 15601729.0], [1.25e-06, 226029874.0], [1.67e-06, 414573254.0], [3e-06, 8300000.0], [8.75e-06, 98024145.0], [1e-05, 50000000.0], [0.0005, 9349430.0], [0.000754, 23472885.0], [0.001, 50000000.0], [0.0011119283, 13039750.0], [0.0115, 2000000.0], [0.1, 150012283.0]], 'timestamp': 1711986991000, 'datetime': '2024-04-01T15:56:31.000Z', 'nonce': None}, 'DOGE/USDT': {'symbol': 'DOGE/USDT', 'bids': [[0.1993869, 60.0], [0.1993752, 56.0], [0.1991584, 50474.0], [0.1991566, 64.0], [0.1975547, 9629.0], [0.196224, 6475.0], [0.1865895, 777.0], [0.1864623, 1067.0], [0.1864472, 126.0], [0.1863927, 457.0], [0.1862255, 1405.0], [0.1839756, 61754.0], [0.1808375, 983.0], [0.1806864, 1309.0], [0.13, 192.0], [0.01, 100.0], [0.0025, 4000.0], [0.002, 625.0], [0.0010001, 450115.0], [0.001, 55446.0], [0.00012, 20000.0], [0.0001, 89064.0], [1.5e-05, 150000.0], [1e-05, 200000.0], [1.5e-06, 670000.0], [1e-06, 3000000.0], [1e-07, 20000000.0]], 'asks': [[0.2001567, 49525.0], [0.2015458, 10341.0], [0.2020111, 1955.0], [0.2073157, 26937.0], [0.2121812, 519.0], [0.2132388, 1032.0], [0.2132575, 199.0], [0.2141648, 1463.0], [0.2163069, 496.0], [0.2167913, 274.0], [0.2168843, 1019.0], [0.2177213, 518.0], [0.2177882, 730.0], [0.2203371, 280.0], [0.2481792, 5750.0], [0.2662514, 2710.0], [0.32, 4232.0], [0.8, 4192.0], [0.9, 100.0], [1.0, 3665.0], [2.0, 11.0], [100000.0, 20.0]], 'timestamp': 1711986991000, 'datetime': '2024-04-01T15:56:31.000Z', 'nonce': None}, 'DOGE/VET': {'symbol': 'DOGE/VET', 'bids': [[4.4856, 2848.0], [4.4635, 428.0], [4.4544, 500.0], [4.2467, 109295.0], [4.2325, 4695.0], [4.2111, 6442.0], [4.185, 8714.0], [4.1795, 1843.0], [4.1607, 10104.0], [4.1535, 2427.0], [4.1298, 8021.0], [4.1144, 5237.0], [4.0885, 246.0], [4.0769, 38626.0], [4.0632, 332.0], [4.0294, 412.0], [4.0274, 17123.0], [4.0185, 144.0], [4.0129, 9573.0], [4.01, 394.0], [3.9922, 7249.0], [3.9879, 295.0], [3.9668, 144.0], [3.9547, 307.0], [3.9175, 327.0], [3.9105, 221.0], [3.9008, 132.0], [3.847, 51934.0], [3.8267, 1138.0], [3.75, 25000.0], [3.7098, 50.0], [3.7, 25000.0], [3.6858, 2149.0], [3.65, 25000.0], [3.6481, 125787.0], [3.6, 50000.0], [3.5, 50000.0], [3.4398, 194.0], [3.3792, 35.0], [3.3401, 35.0], [3.25, 50000.0], [3.2287, 67.0], [3.0, 100000.0], [2.891, 73.0], [2.7724, 45.0], [2.6175, 59.0], [2.3931, 66.0], [2.0, 51.0], [1.0001, 9999.0], [1.0, 3757.0], [0.936, 2011.0], [0.893, 557.0], [0.8811, 1490.0], [0.6913, 2850.0], [0.6, 500.0], [0.5101, 39207.0], [0.51, 1372.0], [0.5007, 5068.0], [0.2021, 98960.0], [0.2007, 4864.0], [0.115, 121739.0], [0.1111, 13442.0], [0.1007, 14541.0], [0.0507, 28883.0], [0.03, 3350.0], [0.02, 5000.0], [0.01, 19820.0], [0.004, 49013.0], [0.003, 83500.0], [0.002, 50000.0], [0.0012, 84166.0], [0.001, 200000.0], [0.0004, 502500.0], [0.0003, 340000.0], [0.0002, 500000.0], [0.0001, 2000000.0]], 'asks': [[4.6072, 126968.0], [4.6458, 439.0], [4.7581, 9034.0], [4.9387, 3089.0], [4.9632, 9430.0], [4.9673, 1573.0], [4.9792, 5826.0], [5.0347, 21124.0], [5.0479, 18848.0], [5.0548, 270.0], [5.0622, 289.0], [5.0686, 249.0], [5.0736, 194.0], [5.0784, 288.0], [5.0809, 38530.0], [5.0844, 233.0], [5.097, 489.0], [5.1046, 8868.0], [5.1137, 743.0], [5.1272, 397.0], [5.1306, 528.0], [5.1408, 392.0], [5.1437, 111.0], [5.1609, 1326.0], [5.1693, 321.0], [5.1745, 3649.0], [5.225, 18507.0], [5.2384, 4880.0], [5.2727, 3141.0], [5.2801, 38499.0], [5.3329, 45.0], [5.333, 955.0], [5.7331, 179.0], [5.888, 955.0], [6.59, 1657.0], [6.6, 3100.0], [9.9998, 25.0], [19.9998, 25.0], [29.9998, 25.0], [59.9998, 25.0]], 'timestamp': 1711986991000, 'datetime': '2024-04-01T15:56:31.000Z', 'nonce': None}, 'DOT/BTC': {'symbol': 'DOT/BTC', 'bids': [[0.0001303, 19.21], [0.00012369, 18.43], [0.00012131, 5.77], [0.00012075, 4.68], [0.0001183, 11.55], [0.00011793, 4.67], [0.00011754, 23.02], [0.00011691, 7.5], [0.00011687, 1.2], [0.00011678, 2.7], [0.00011602, 23.22], [0.00011523, 24.3], [0.00011496, 8.87], [0.00011474, 8.14], [0.00011461, 8.02], [0.00011416, 13.99], [0.00011405, 14.85], [0.00011357, 15.06], [0.00011343, 3.77], [0.00011188, 48.93], [0.00011156, 9.02], [0.00011003, 4.1], [0.00010956, 124.01], [0.00010881, 24.54], [0.00010829, 17.03], [0.00010485, 14.33], [0.00010192, 8.42], [0.00010033, 11.74], [0.0001, 4.13], [9.859e-05, 5.19], [9.755e-05, 14.47], [9.093e-05, 7.48], [8.572e-05, 31.49], [8.288e-05, 10.01], [3.51e-06, 2088.57], [3.5e-06, 1000.0], [6e-08, 113924.46], [5e-08, 20000.0], [2e-08, 341773.39]], 'asks': [[0.00013189, 1.49], [0.00013227, 0.87], [0.0001323, 0.93], [0.00013238, 1.18], [0.00013239, 0.82], [0.00013243, 99.93], [0.00013295, 21.0], [0.00013391, 15.08], [0.000139, 78.21], [0.00013951, 112.3], [0.00014012, 5.78], [0.00014109, 11.08], [0.00014149, 18.74], [0.00014265, 8.93], [0.00014397, 17.74], [0.00014507, 30.62], [0.00014545, 8.2], [0.00014547, 7.05], [0.00014578, 10.01], [0.00014589, 5.55], [0.00014597, 11.36], [0.00014606, 7.79], [0.00014617, 17.48], [0.00014626, 2.75], [0.00014698, 12.09], [0.00014724, 29.49], [0.00014777, 22.1], [0.00014782, 1.5], [0.00014785, 0.89], [0.00014787, 1.51], [0.00014836, 18.0], [0.00014864, 26.0], [0.00014889, 7.52], [0.00014904, 8.8], [0.00014942, 49.31], [0.00015071, 34.02], [0.00015216, 42.86], [0.00015222, 40.66], [0.00017146, 8.38], [0.0004523, 48.0], [0.0007, 8.74], [0.001132, 25.0], [0.001822, 20.0], [10000.0, 2.33]], 'timestamp': 1711986991000, 'datetime': '2024-04-01T15:56:31.000Z', 'nonce': None}, 'DOT/USDT': {'symbol': 'DOT/USDT', 'bids': [[8.9632, 100.9], [8.9123, 1.31], [8.367, 12.26], [8.3374, 0.61], [8.2584, 1.63], [8.1998, 1.22], [8.0425, 3.33], [7.984, 1.25], [7.8537, 2.43], [7.8115, 0.92], [7.7496, 2.29], [7.7082, 0.92], [7.3893, 7.27], [7.2969, 2.16], [7.0719, 4.57], [7.0302, 1.01], [7.0, 14.28], [2.0001, 24.99], [2.0, 65.0], [0.3015, 2844.93], [0.3014, 165.89], [0.1211, 414.66], [0.1, 20.0], [0.01, 200.0], [0.0012, 2000.0], [0.001, 1296.76], [0.0002, 7500.0], [0.0001, 20000.0]], 'asks': [[9.0534, 99.09], [9.0924, 20.7], [9.0987, 1.44], [9.1414, 5.71], [9.6895, 24.08], [9.8057, 2.38], [9.8997, 3.17], [10.0571, 5.25], [10.2337, 4.17], [10.4482, 6.9], [10.5043, 1.78], [10.5888, 2.66], [10.6609, 1.78], [10.714, 1.65], [10.9359, 0.98], [11.5933, 4.26], [11.8852, 27.71], [24.8906, 5.54], [24.8907, 0.17], [70.3431, 1.14], [100.0, 8.31], [200.0, 4.16], [500.0, 2.08], [1000.0, 2.08]], 'timestamp': 1711986991000, 'datetime': '2024-04-01T15:56:31.000Z', 'nonce': None}, 'EOS/BTC': {'symbol': 'EOS/BTC', 'bids': [[1.498e-05, 10.0], [1.488e-05, 644.84], [1.482e-05, 122.97], [1.475e-05, 49.43], [1.376e-05, 787.05], [1.369e-05, 32.17], [1.347e-05, 12.84], [1.346e-05, 12.82], [1.342e-05, 15.64], [1.34e-05, 25.79], [1.339e-05, 12.9], [1.337e-05, 8.63], [1.33e-05, 30.31], [1.324e-05, 15.86], [1.323e-05, 30.42], [1.321e-05, 8.71], [1.314e-05, 30.63], [1.313e-05, 25.67], [1.309e-05, 21.9], [1.304e-05, 22.06], [1.298e-05, 17.72], [1.296e-05, 26.63], [1.283e-05, 27.17], [1.272e-05, 98.96], [1.263e-05, 22.75], [1.259e-05, 18.28], [1.254e-05, 26.86], [1.235e-05, 17.93], [1.219e-05, 186.41], [1.212e-05, 33.24], [1.183e-05, 49.59], [1.123e-05, 61.15], [1.101e-05, 61.36], [1.083e-05, 19.36], [9.55e-06, 141.26], [9.47e-06, 46.22], [4.51e-06, 1704.67], [4.5e-06, 777.77], [1.01e-06, 5074.61], [1e-06, 100.0], [1.1e-07, 23297.12], [1e-07, 1000.0], [6e-08, 42711.31], [5e-08, 20000.0], [2e-08, 128133.94], [1e-08, 10000.0]], 'asks': [[1.505e-05, 8.82], [1.534e-05, 114.38], [1.588e-05, 34.77], [1.62e-05, 10.68], [1.648e-05, 224.44], [1.659e-05, 11.34], [1.665e-05, 8.47], [1.667e-05, 7.06], [1.673e-05, 8.47], [1.681e-05, 16.05], [1.692e-05, 22.3], [1.696e-05, 6.96], [1.711e-05, 20.67], [1.723e-05, 12.35], [1.733e-05, 17.32], [1.735e-05, 16.29], [1.742e-05, 9.45], [1.759e-05, 11.2], [1.78e-05, 7.02], [1.812e-05, 10.54], [1.849e-05, 11.95], [1.897e-05, 13.69], [1.99e-05, 18.63]], 'timestamp': 1711986991000, 'datetime': '2024-04-01T15:56:31.000Z', 'nonce': None}, 'EOS/USDT': {'symbol': 'EOS/USDT', 'bids': [[1.016, 90.93], [1.0135, 78.16], [1.013, 43.31], [0.9818, 242.34], [0.9622, 48.6], [0.9512, 241.47], [0.9476, 7.54], [0.9463, 5.2], [0.9379, 6.99], [0.9258, 11.35], [0.9173, 7.23], [0.9084, 25.81], [0.9011, 7.19], [0.8943, 5.94], [0.8869, 6.51], [0.8754, 16.75], [0.8541, 16.98], [0.825, 27.18], [0.8145, 30.04], [0.7648, 48.23], [0.762, 49.98], [0.756, 5.78], [0.7369, 20.07], [0.0116, 21576.53], [0.01, 200.0], [0.001, 2000.0], [0.0002, 25000.0], [0.0001, 30000.0]], 'asks': [[1.0279, 103.33], [1.0347, 5.55], [1.0375, 22.12], [1.0852, 69.21], [1.0922, 6.42], [1.093, 41.7], [1.0963, 7.16], [1.1008, 6.48], [1.1181, 18.5], [1.1309, 6.73], [1.1407, 10.55], [1.1681, 28.16], [1.1756, 38.0], [1.1809, 7.35], [1.1953, 14.37], [1.2169, 26.02], [1.2212, 4.18], [1.2299, 8.42], [1.23, 41.0], [1.2512, 28.79], [1.2937, 39.63], [1.3333, 35.77], [1.345, 29.29], [1.58, 8.72], [2.0, 7.25], [4.0, 83.2], [17.515, 4.25], [20.0, 13.7], [48.0, 268.61]], 'timestamp': 1711986991000, 'datetime': '2024-04-01T15:56:31.000Z', 'nonce': None}, 'ETC/USDT': {'symbol': 'ETC/USDT', 'bids': [[31.7639, 4.234], [31.2294, 0.672], [31.1432, 0.429], [31.0857, 0.286], [30.9615, 0.528], [30.9497, 0.058], [30.9016, 15.723], [30.8588, 0.456], [30.716, 0.72], [29.7777, 0.449], [29.3366, 0.501], [0.133, 3388.039], [0.1, 20.0], [0.05, 100.019], [0.013, 390.0], [0.01, 200.0], [0.0015, 670.0], [0.0011, 1818.181], [0.001, 1000.0], [0.0002, 10000.0], [0.0001, 10000.0]], 'asks': [[32.2259, 29.903], [32.4033, 6.245], [32.4374, 0.66], [33.1366, 0.481], [33.4375, 0.332], [33.6065, 0.978], [33.6196, 0.093], [34.0225, 0.806], [34.0427, 0.142], [34.1684, 0.883], [34.6411, 41.244], [34.749, 0.544], [34.8385, 1.105], [36.9895, 0.514], [41.2315, 2.574]], 'timestamp': 1711986991000, 'datetime': '2024-04-01T15:56:31.000Z', 'nonce': None}, 'ETC/VET': {'symbol': 'ETC/VET', 'bids': [[738.0, 0.476], [737.0, 0.3], [735.0, 45.047], [730.0, 9.159], [721.0, 10.599], [719.0, 2.373], [700.0, 8.278], [699.0, 0.227], [691.0, 2.064], [690.0, 0.231], [686.0, 0.926], [664.0, 48.339], [663.0, 1.459], [662.0, 0.605], [660.0, 1.219], [658.0, 0.614], [652.0, 3.07], [650.0, 4.394], [649.0, 0.623], [645.0, 2.492], [644.0, 2.103], [643.0, 0.495], [637.0, 1.494], [635.0, 5.673], [633.0, 1.271], [630.0, 3.253], [620.0, 258.064], [618.0, 9.708], [613.0, 2.831], [611.0, 15.587], [605.0, 3.995], [603.0, 5.332], [600.0, 2.017], [597.0, 6.001], [577.0, 9.653], [576.0, 0.276], [570.0, 196.206], [554.0, 2.939], [533.0, 209.827], [299.0, 2.411], [236.0, 5.0], [155.0, 4.516], [149.0, 5.0], [126.0, 198.412], [125.0, 178.134], [2.0, 1000.0], [1.0, 550.0]], 'asks': [[740.0, 0.982], [741.0, 0.468], [758.0, 0.404], [759.0, 0.815], [775.0, 11.499], [776.0, 0.3], [778.0, 0.599], [783.0, 1.491], [793.0, 2.955], [794.0, 0.293], [795.0, 0.293], [797.0, 0.584], [799.0, 2.049], [810.0, 3.18], [814.0, 15.677], [815.0, 0.396], [817.0, 0.398], [818.0, 140.053], [823.0, 3.702], [826.0, 1.182], [827.0, 1.127], [828.0, 0.39], [836.0, 1.363], [839.0, 0.58], [840.0, 4.761], [841.0, 1.357], [843.0, 1.383], [847.0, 1.148], [849.0, 0.383], [859.0, 1.905], [866.0, 1.309], [877.0, 2.046], [878.0, 11.69], [925.0, 2.82], [1636.0, 6.593]], 'timestamp': 1711986991000, 'datetime': '2024-04-01T15:56:31.000Z', 'nonce': None}, 'ETH/BTC': {'symbol': 'ETH/BTC', 'bids': [[0.050501, 0.009], [0.050405, 0.006], [0.050306, 0.01], [0.050266, 1.5], [0.050207, 0.003], [0.050105, 0.211], [0.050035, 0.039], [0.04969, 0.236], [0.049368, 0.054], [0.047529, 1.659], [0.047392, 0.136], [0.046299, 0.147], [0.046151, 0.47], [0.04597, 0.109], [0.045866, 0.267], [0.04558, 0.174], [0.045474, 0.003], [0.045473, 0.005], [0.045472, 0.007], [0.045471, 0.011], [0.04547, 0.017], [0.045469, 0.026], [0.045468, 0.039], [0.045467, 0.058], [0.045466, 0.087], [0.045465, 0.131], [0.045464, 0.197], [0.045463, 0.296], [0.045462, 0.444], [0.045461, 0.666], [0.04546, 1.0], [0.045379, 0.151], [0.045313, 0.123], [0.044987, 0.201], [0.044166, 0.715], [0.043851, 0.199], [0.04357, 0.179], [0.043201, 0.159], [0.041883, 1.728], [0.040267, 1.098], [0.039786, 0.172], [0.037655, 2.97], [0.012302, 0.562], [0.012301, 1.014], [0.0123, 0.054], [0.000252, 27.429], [0.000251, 20.967], [0.00025, 8.0], [1.1e-05, 179.419], [1e-05, 10.0], [2e-06, 657.872], [1e-06, 100.0]], 'asks': [[0.050538, 0.009], [0.05056, 0.009], [0.050714, 0.004], [0.050739, 0.007], [0.050745, 0.011], [0.050759, 0.007], [0.050992, 0.01], [0.050993, 0.008], [0.051003, 0.004], [0.051014, 0.009], [0.051032, 0.009], [0.051152, 0.01], [0.051352, 0.01], [0.051724, 0.01], [0.051821, 0.262], [0.051894, 0.014], [0.051933, 0.007], [0.053168, 0.002], [0.053568, 0.002], [0.053569, 0.003], [0.053854, 0.195], [0.053967, 0.108], [0.054029, 0.043], [0.054741, 0.069], [0.054925, 0.18], [0.054974, 0.034], [0.055604, 0.002], [0.055605, 0.003], [0.055606, 0.005], [0.055607, 0.008], [0.055608, 0.013], [0.055609, 0.019], [0.05561, 0.029], [0.055611, 0.043], [0.055612, 0.065], [0.055613, 0.098], [0.055614, 0.148], [0.055615, 0.222], [0.055616, 0.333], [0.055943, 0.011], [0.056112, 0.007], [0.057558, 0.011], [0.057607, 0.01], [0.058436, 0.004], [0.05883, 0.009], [0.059682, 0.005], [0.059858, 0.011], [0.061145, 0.011], [0.061146, 0.02], [0.061281, 0.011], [0.062198, 0.01], [0.062199, 0.2], [0.063684, 0.01], [0.064896, 0.042], [0.066386, 0.01], [0.067107, 0.121], [0.067971, 0.122], [0.071873, 0.14], [0.072652, 0.065], [0.073305, 0.065], [0.074329, 0.065], [0.07518, 0.026], [0.076808, 0.05], [0.077136, 0.025], [0.08, 0.073], [0.081736, 0.079], [0.081808, 0.05], [0.08333, 0.079], [0.085867, 0.074], [0.09804, 0.079], [0.099999, 0.005], [0.199999, 0.005], [0.299999, 0.005], [0.599999, 0.005], [0.999999, 0.005], [100000.0, 0.1]], 'timestamp': 1711986991000, 'datetime': '2024-04-01T15:56:31.000Z', 'nonce': None}, 'ETH/USDT': {'symbol': 'ETH/USDT', 'bids': [[3455.93, 0.0015], [3450.0, 0.01], [3422.04, 0.03305], [3381.88, 1.58574], [3277.29, 0.07404], [3100.0, 0.00849], [3018.16, 0.37479], [2984.14, 0.70398], [2761.71, 0.00188], [2500.0, 0.08], [2010.0, 0.00417], [2005.0, 0.02149], [526.0, 0.0095], [521.0, 0.13435], [286.0, 0.01748], [285.0, 0.40035], [281.0, 2.0], [280.0, 0.1852], [155.0, 0.03225], [154.04, 0.20792], [50.0, 0.1], [1.21, 197.44073], [1.2, 2.0], [1.17, 48.76196], [1.11, 1.11], [0.22, 10.0], [0.1, 10.0], [0.01, 200.0]], 'asks': [[3461.36, 0.00159], [3523.95, 1.2432], [3524.83, 0.0159], [3646.27, 0.37685], [3663.09, 0.11191], [3669.4, 0.19164], [3706.37, 0.10339], [3860.01, 0.24835], [3865.82, 0.02493], [3866.63, 0.00705], [4100.0, 0.01505], [4167.92, 0.00166], [4500.0, 0.01505], [5250.0, 0.06786], [5300.0, 1.0], [9999.0, 0.005], [19999.0, 0.00255], [200000000.0, 0.35]], 'timestamp': 1711986991000, 'datetime': '2024-04-01T15:56:31.000Z', 'nonce': None}, 'FIL/USDT': {'symbol': 'FIL/USDT', 'bids': [[8.7314, 0.4872], [8.6824, 0.7337], [8.5719, 0.2229], [8.217, 3.3301], [8.1261, 0.7511], [8.0441, 0.7813], [7.9032, 0.2427], [7.76, 0.9144], [7.6927, 0.3869], [7.573, 1.0358], [7.5048, 0.3544], [7.4229, 0.6302], [7.3995, 0.2025], [7.3573, 0.9147], [7.3234, 1.4886], [6.8845, 0.9557], [5.6598, 2.8077], [1.0, 69.8527], [0.25, 200.0], [0.1, 20.0], [0.0102, 7861.1709], [0.01, 100.0], [0.0012, 2000.0], [0.001, 1000.0], [0.0004, 5000.0], [0.0002, 5000.0], [0.0001, 10000.0]], 'asks': [[9.2258, 0.781], [9.3637, 1.0474], [9.4126, 1.9922], [9.4746, 0.4424], [9.5909, 0.7682], [9.7902, 1.3861], [10.1095, 0.67], [10.1656, 0.6354], [10.2019, 1.1038], [10.3036, 1.1389], [10.3351, 0.9191], [75.0, 0.275], [150.0, 0.275], [172.5, 2.8996]], 'timestamp': 1711986991000, 'datetime': '2024-04-01T15:56:31.000Z', 'nonce': None}, 'HAI/BTC': {'symbol': 'HAI/BTC', 'bids': [[8.87e-07, 785.0], [8.86e-07, 536.0], [4.9e-07, 4081.0], [4.89e-07, 973.0], [4.27e-07, 14004.0], [4.26e-07, 20000.0], [4.17e-07, 2500.0], [3.78e-07, 1543.0], [3.75e-07, 660.0], [3.26e-07, 24481.0], [3.25e-07, 6153.0], [2.9e-07, 1207.0], [5.1e-08, 67671.0], [5e-08, 10553.0], [2.4e-08, 143775.0], [2.3e-08, 50000.0], [2.1e-08, 33333.0], [2e-09, 2500000.0], [1e-09, 10000000.0]], 'asks': [[1.099e-06, 1750.0], [1.1e-06, 17735.0], [1.179e-06, 220.0], [1.199e-06, 220.0], [1.2e-06, 351.0], [1.3e-06, 468.0], [1.4e-06, 624.0], [1.5e-06, 24810.0], [1.54e-06, 998.0], [1.55e-06, 1757.0], [1.559e-06, 2218.0], [1.6e-06, 74.0], [1.696e-06, 498.0], [1.697e-06, 1421.0], [1.7e-06, 134.0], [1.8e-06, 132.0], [1.9e-06, 100.0], [2e-06, 75.0], [2.1e-06, 176.0], [2.2e-06, 56.0], [2.3e-06, 85.0], [2.35e-06, 86.0], [2.4e-06, 234.0], [2.462e-06, 2690.0], [2.463e-06, 10499.0], [3.466e-06, 8067.0], [3.467e-06, 10000.0], [3.5e-06, 1187.0], [4e-06, 67.0], [5.897e-06, 12738.0], [5.898e-06, 14000.0], [6e-06, 1236.0], [6.2e-06, 6226.0], [6.3e-06, 6006.0], [6.35e-06, 1618.0], [6.399e-06, 1025.0], [7.491e-06, 5000.0], [7.492e-06, 19724.0], [7.511e-06, 37212.0], [1.2997e-05, 7500.0], [1.2998e-05, 23064.0], [1.3e-05, 19004.0], [1.4999e-05, 1214.0], [1.8595e-05, 2412.0], [1.9198e-05, 53945.0], [1.9999e-05, 910.0], [2.5183e-05, 53944.0], [4.75e-05, 9.0], [5e-05, 340.0], [7.77e-05, 401.0], [8.11e-05, 1167.0], [0.0001, 2019.0], [0.00012579, 1025.0], [0.0001374, 400.0], [0.0002, 4807.0], [0.0005, 406.0], [0.001, 15.0], [0.0016, 2500.0], [0.002119, 10.0], [1.0, 1.0]], 'timestamp': 1711986991000, 'datetime': '2024-04-01T15:56:31.000Z', 'nonce': None}, 'HOT/USDT': {'symbol': 'HOT/USDT', 'bids': [[0.0030802, 23736.0], [0.0030649, 4727.0], [0.0030039, 76234.0], [0.0029572, 22531.0], [0.0029465, 43120.0], [0.0028912, 16197.0], [0.0028558, 939.0], [0.0028477, 22518.0], [0.0028415, 2247.0], [0.0028325, 1246.0], [0.002822, 1298.0], [0.0028157, 2237.0], [0.0028089, 20377.0], [0.0027966, 3047.0], [0.0027898, 1089.0], [0.0027831, 3207.0], [0.0027764, 16069.0], [0.0027653, 2514.0], [0.0027466, 16029.0], [0.0027343, 3848.0], [0.0027269, 1216.0], [0.0027138, 3369.0], [0.0027007, 2171.0], [0.0026945, 1031.0], [0.002662, 8314.0], [0.0026407, 3604.0], [0.0026001, 81419.0], [0.0025009, 22808.0], [0.0001011, 7452904.0], [0.000101, 203569.0], [0.0001, 20000.0], [1.03e-05, 29146554.0], [1.02e-05, 2450980.0], [1e-05, 200000.0], [1.3e-06, 2500000.0], [1.1e-06, 924798.0], [1e-06, 2997003.0], [2e-07, 15000000.0], [1e-07, 20000000.0]], 'asks': [[0.0031898, 31354.0], [0.0032018, 11816.0], [0.0033294, 122982.0], [0.0033445, 27786.0], [0.0033719, 29103.0], [0.0034014, 19462.0], [0.003425, 25200.0], [0.00343, 21799.0], [0.0034329, 18635.0], [0.0034906, 156905.0], [0.0034971, 44781.0], [0.0034979, 3438.0], [0.0035009, 3197.0], [0.0035042, 1549.0], [0.003505, 704.0], [0.0035152, 4782.0], [0.0035267, 5369.0], [0.0035332, 1118.0], [0.0035339, 1490.0], [0.0035385, 2139.0], [0.0035414, 46433.0], [0.0035598, 9870.0], [0.0035619, 970.0], [0.003579, 6589.0], [0.0035847, 2618.0], [0.0035908, 2798.0], [0.0035938, 1374.0], [0.0036168, 68140.0], [0.0036268, 16400.0], [0.0037166, 40211.0], [0.0039753, 53369.0], [0.0040015, 24230.0], [0.0040403, 11507.0], [0.0043171, 37875.0], [0.018758, 64376.0], [0.019222, 76027.0], [0.0299899, 11059.0], [0.03, 1087.0], [0.0319899, 2074.0], [0.0371777, 355.0], [0.0599999, 500.0], [0.0999999, 500.0], [0.1999999, 495.0], [0.3, 1606.0], [0.451241, 102496.0], [0.5, 5231.0], [0.88369, 17361.0], [0.9999999, 500.0], [1.11369, 54869.0], [1.999999, 500.0], [10.0, 3637.0], [11.369, 507.0], [13.369, 41152.0], [36.863, 179580.0], [36.963, 30864.0], [36.99, 1014.0], [44.369, 1802.0], [111.39, 1351.0], [113.369, 23148.0], [222.369, 2028.0], [241.369, 13020.0], [444.369, 507.0], [1111.369, 39063.0]], 'timestamp': 1711986991000, 'datetime': '2024-04-01T15:56:31.000Z', 'nonce': None}, 'HOT/VET': {'symbol': 'HOT/VET', 'bids': [[0.072, 20767.0], [0.0719, 52815.0], [0.0713, 24798.0], [0.0712, 2449.0], [0.0707, 25518.0], [0.0704, 10796.0], [0.07, 40080.0], [0.0694, 4783.0], [0.0672, 3465.0], [0.0664, 4004.0], [0.0655, 2290076.0], [0.065, 40080.0], [0.0636, 7782.0], [0.0628, 6845.0], [0.0626, 2913.0], [0.0615, 2813.0], [0.0606, 2475247.0], [0.06, 40080.0], [0.0594, 21172.0], [0.0593, 147086.0], [0.0589, 16215.0], [0.0588, 16097.0], [0.0574, 2613240.0], [0.0564, 13934.0], [0.055, 44905.0], [0.0544, 14607.0], [0.054, 2866056.0], [0.05, 40080.0], [0.0481, 3118503.0], [0.045, 3168673.0], [0.04, 2188202.0], [0.0307, 16851.0], [0.03, 2679684.0], [0.0207, 13404.0], [0.0166, 1129519.0], [0.0165, 42424.0], [0.0157, 17673.0], [0.0133, 78822.0], [0.0107, 72316.0], [0.01, 10000.0], [0.007, 927942.0], [0.0069, 300000.0], [0.006, 66500.0], [0.0052, 135752.0], [0.0049, 401450.0], [0.001, 100000.0], [0.0001, 2500000.0]], 'asks': [[0.0726, 14244.0], [0.0727, 61484.0], [0.0729, 2118.0], [0.0733, 17861.0], [0.0747, 20000.0], [0.0751, 37397.0], [0.0754, 5183.0], [0.0755, 5187.0], [0.0758, 34300.0], [0.0768, 12798.0], [0.077, 20000.0], [0.0771, 8624.0], [0.0776, 8848.0], [0.0779, 3767.0], [0.0783, 8782.0], [0.0789, 7454.0], [0.08, 19764.0], [0.0807, 4426.0], [0.0809, 2204.0], [0.0815, 3584.0], [0.0818, 14457.0], [0.0827, 3534.0], [0.0828, 11998.0], [0.0829, 3534.0], [0.083, 2148.0], [0.0835, 8932.0], [0.0837, 22422.0], [0.084, 7487.0], [0.0844, 8132.0], [0.0846, 3699.0], [0.085, 40040.0], [0.0856, 10467.0], [0.0867, 28888.0], [0.0879, 43318.0], [0.09, 40040.0], [0.095, 40040.0], [0.1, 20237.0], [0.105, 10010.0], [0.11, 10010.0], [0.115, 11337.0], [0.1369, 33579.0], [0.1657, 76027.0], [0.1777, 34663.0], [0.2542, 64377.0], [0.2777, 9043.0], [0.5777, 17331.0], [4.444, 1802.0], [11.469, 1351.0], [33.369, 1013.0], [69.936, 1521.0], [111.369, 1521.0]], 'timestamp': 1711986991000, 'datetime': '2024-04-01T15:56:31.000Z', 'nonce': None}, 'IPX/BTC': {'symbol': 'IPX/BTC', 'bids': [[8e-09, 130375.0], [7e-09, 193677.2], [6e-09, 233333.32], [5e-09, 280000.0], [4e-09, 350000.0], [3e-09, 366666.66], [2e-09, 500000.0], [1e-09, 1000000.0]], 'asks': [[1e-08, 32100.0], [1.1e-08, 49990.35], [1.2e-08, 31133.48], [1.3e-08, 17769.23], [1.4e-08, 10000.0], [1.5e-08, 10000.0], [2.9e-08, 20532.64], [3e-08, 41645.78], [7.9e-08, 112998.0], [8e-08, 272481.64], [5.54e-07, 25000.0], [5.98e-07, 250.0], [6e-07, 945.29], [7e-07, 2001.0], [8e-07, 2001.0], [9e-07, 11001.0], [9.5e-07, 14500.0], [9.88e-07, 25000.0], [1e-06, 5428.03], [1.1e-06, 1001.0], [1.2e-06, 1001.0], [1.3e-06, 501.0], [1.399e-06, 25000.0], [1.4e-06, 501.0], [1.5e-06, 501.0], [2e-06, 501.0], [2.5e-06, 501.0], [9.949e-06, 10000.0], [9.95e-06, 1129.38], [7.006e-05, 28.16], [0.01, 187.42]], 'timestamp': 1711986991000, 'datetime': '2024-04-01T15:56:31.000Z', 'nonce': None}, 'IPX/USDT': {'symbol': 'IPX/USDT', 'bids': [[0.0005, 51455.39], [0.0004, 61804.27], [0.0003, 59771.1], [0.0002, 248708.49], [0.0001, 3000727.01]], 'asks': [[0.0011, 7459.87], [0.0012, 5000.0], [0.0015, 8990.07], [0.0016, 5000.0], [0.0025, 10271.42], [0.0026, 11268.62], [0.004, 20453.55], [0.0041, 32733.24], [0.095, 12086.12], [0.0986, 10367.02], [0.1, 37973.08], [0.1055, 1000.18], [0.115, 36959.62], [0.1198, 702.0], [0.1649, 7485.76], [0.165, 36959.63], [0.171, 333.0], [0.18, 85.69], [0.2999, 7485.76], [9.9999, 1000.0], [10.0, 1676.38]], 'timestamp': 1711986991000, 'datetime': '2024-04-01T15:56:31.000Z', 'nonce': None}, 'IZI/USDT': {'symbol': 'IZI/USDT', 'bids': [[0.006, 169.86], [0.0051, 5000.0], [0.005, 700.0], [0.0002, 10000.0], [0.0001, 10000.0]], 'asks': [[0.0396, 25108.76], [0.0397, 2133.75], [0.04, 980.34], [0.06, 100.0], [0.07, 100.0], [0.08, 100.0], [0.09, 100.0], [0.1, 100.0], [0.3, 9975.03], [0.31, 286.58], [0.35, 357.0], [0.396, 3600.0], [0.5, 1505.26], [0.8, 1128.95], [3.0, 1693.42], [20.0, 99.61]], 'timestamp': 1711986991000, 'datetime': '2024-04-01T15:56:31.000Z', 'nonce': None}, 'KSM/USDT': {'symbol': 'KSM/USDT', 'bids': [[44.78, 0.3323], [44.65, 0.0655], [40.74, 1.5388], [40.41, 0.0607], [40.05, 0.1375], [39.93, 0.1837], [39.72, 0.1347], [39.45, 0.1048], [39.15, 0.0627], [39.0, 0.219], [38.73, 0.1067], [38.4, 0.1076], [37.96, 0.177], [37.59, 0.128], [37.46, 0.1301], [36.7, 0.0531], [36.52, 0.3905], [36.39, 0.0535], [36.09, 0.0604], [35.31, 0.1709], [1.5, 33.3333], [0.03, 500.0], [0.02, 250.0], [0.01, 8500.0]], 'asks': [[45.7, 0.4844], [46.05, 0.09], [46.06, 0.09], [46.92, 1.2608], [49.72, 2.3887], [50.16, 0.1301], [50.2, 0.0799], [50.47, 0.1343], [50.78, 0.1038], [50.82, 0.0888], [51.19, 0.0685], [51.58, 0.1899], [52.32, 0.2162], [52.43, 0.0525], [52.68, 0.0565], [53.24, 0.0671], [53.33, 0.4787], [53.76, 0.1682], [53.77, 0.0798], [53.93, 0.079], [54.79, 0.0674], [55.91, 0.0938], [56.53, 0.0992], [56.83, 0.0628], [57.31, 0.0999], [60.74, 0.0647]], 'timestamp': 1711986991000, 'datetime': '2024-04-01T15:56:31.000Z', 'nonce': None}, 'LINK/USDT': {'symbol': 'LINK/USDT', 'bids': [[17.9528, 0.53], [17.9197, 248.37], [17.7853, 22.09], [17.7813, 0.53], [17.5699, 28.19], [16.8181, 3.26], [16.7198, 3.38], [16.5742, 4.52], [16.4586, 5.48], [16.4176, 1.03], [16.2587, 5.38], [16.2323, 1.27], [16.1178, 11.24], [16.0896, 1.37], [15.8919, 2.38], [15.7438, 1.25], [12.246, 7.18], [10.4, 3.25], [0.5122, 1076.18], [0.5121, 56.2], [0.0402, 1132.5], [0.012, 200.0], [0.0015, 1500.0], [0.0002, 5000.0], [0.0001, 10000.0]], 'asks': [[17.9698, 0.53], [18.0275, 231.62], [18.1406, 24.18], [18.1447, 0.53], [19.1798, 3.77], [19.2091, 1.81], [19.2857, 4.48], [19.3276, 2.57], [19.3809, 3.52], [19.4135, 5.83], [19.4348, 1.3], [19.4795, 9.86], [19.5543, 4.55], [19.6687, 6.93], [19.696, 1.64], [19.7813, 6.78], [20.0993, 5.65], [20.1256, 1.55], [20.9992, 18.57], [23.7477, 8.01], [99.4777, 5.12], [99.777, 21.14]], 'timestamp': 1711986991000, 'datetime': '2024-04-01T15:56:31.000Z', 'nonce': None}, 'LTC/USDT': {'symbol': 'LTC/USDT', 'bids': [[98.27, 31.23213], [97.26, 1.00095], [95.95, 0.48703], [95.69, 1.60704], [94.54, 0.37062], [92.38, 0.25633], [90.0, 1.42116], [89.4, 6.71425], [85.0, 1.29282], [80.0, 3.1226], [75.0, 1.0], [74.06, 0.35238], [72.49, 0.41193], [70.8, 0.33646], [70.0, 0.64285], [68.16, 0.91199], [68.0, 0.80663], [67.58, 0.89486], [65.95, 0.46938], [60.0, 1.5], [50.0, 1.29703], [25.5, 3.65729], [25.0, 0.39643], [23.93, 1.06796], [19.27, 1.0], [2.16, 231.48148], [2.05, 15.85363], [1.11, 1.11], [0.1, 10.0], [0.02, 250.0], [0.01, 350.0]], 'asks': [[98.78, 28.76786], [99.24, 1.00743], [99.28, 0.04052], [100.88, 0.74917], [102.26, 0.39593], [103.24, 0.49614], [104.58, 0.39003], [105.37, 0.22761], [106.48, 0.31694], [107.75, 0.35859], [109.0, 0.25912], [113.87, 0.5197], [115.2, 0.35115], [116.63, 0.37306], [120.0, 1.51703], [121.61, 0.50653], [122.73, 0.27726], [129.02, 0.86454], [130.0, 5.13], [150.0, 2.0], [175.0, 0.33135], [180.0, 2.0], [180.87, 2.0], [183.0, 0.24811], [198.62, 5.0367], [210.0, 2.0], [229.9, 0.02205], [278.62, 5.0367], [300.0, 1.0], [363.0, 2.5], [400.0, 1.0], [800.0, 0.66848], [1000.0, 41.9683], [10000000.0, 0.4]], 'timestamp': 1711986991000, 'datetime': '2024-04-01T15:56:31.000Z', 'nonce': None}, 'LTC/VET': {'symbol': 'LTC/VET', 'bids': [[2258.0, 12.25484], [2236.0, 6.29711], [2206.0, 0.49736], [2177.0, 0.25969], [2165.0, 0.10847], [2146.0, 0.17308], [2062.0, 0.78359], [2044.0, 0.17206], [2034.0, 23.23981], [2032.0, 0.11563], [2031.0, 0.32484], [2030.0, 0.32331], [2025.0, 0.54274], [2024.0, 0.10871], [2022.0, 0.21758], [2018.0, 0.21687], [2017.0, 0.10908], [2014.0, 0.43493], [2009.0, 0.98133], [2007.0, 0.2192], [2006.0, 0.21817], [2005.0, 0.32825], [2004.0, 0.35252], [1999.0, 0.54979], [1997.0, 0.76928], [1995.0, 0.98668], [1992.0, 0.3312], [1984.0, 0.19683], [1980.0, 0.99341], [1977.0, 0.33238], [1965.0, 1.33993], [1960.0, 1.33637], [1940.0, 0.44011], [1901.0, 6.72672], [1885.0, 0.56481], [1871.0, 5.2982], [1865.0, 0.20943], [1738.0, 0.13511], [1608.0, 0.09006], [1405.0, 0.27729], [1200.0, 0.5], [1000.0, 1.0], [707.0, 1.63887], [135.0, 5.18518], [21.0, 2380.96113], [20.0, 10.96349], [12.0, 8.41666], [2.0, 100.0]], 'asks': [[2265.0, 0.09652], [2266.0, 0.12338], [2286.0, 4.51761], [2287.0, 0.16959], [2291.0, 0.67656], [2341.0, 0.31775], [2371.0, 0.377], [2392.0, 0.21121], [2407.0, 0.18512], [2422.0, 0.09793], [2444.0, 0.26777], [2487.0, 0.13583], [2494.0, 0.61291], [2496.0, 0.1359], [2498.0, 0.13523], [2500.0, 0.1], [2504.0, 0.54252], [2512.0, 1.15634], [2513.0, 0.97393], [2517.0, 0.33573], [2523.0, 0.40199], [2538.0, 1.00496], [2542.0, 0.27022], [2548.0, 0.39805], [2552.0, 0.39673], [2556.0, 0.26443], [2564.0, 0.59472], [2567.0, 1.00166], [2569.0, 0.13225], [2583.0, 0.59377], [2584.0, 0.22996], [2598.0, 0.98603], [2620.0, 1.11004], [2634.0, 0.90351], [2635.0, 0.49837], [2651.0, 2.00102], [2653.0, 0.12785], [2685.0, 0.9115], [2724.0, 0.42685], [2881.0, 1.0], [2988.0, 0.08278], [3581.0, 1.0], [4281.0, 1.0], [4500.0, 0.09175], [5000.0, 0.1], [5770.0, 1.0], [6000.0, 1.0], [7500.0, 0.1], [10000.0, 0.1], [100000000.0, 1.0]], 'timestamp': 1711986991000, 'datetime': '2024-04-01T15:56:31.000Z', 'nonce': None}, 'MATIC/USDT': {'symbol': 'MATIC/USDT', 'bids': [[0.9325, 14.94], [0.9274, 9.53], [0.8903, 3.01], [0.8692, 61.57], [0.8434, 44.83], [0.8372, 3.19], [0.8208, 7.84], [0.8156, 2.68], [0.7936, 1.77], [0.7866, 16.22], [0.7728, 7.93], [0.7405, 354.76], [0.7119, 6.11], [0.702, 4.95], [0.6924, 7.74], [0.6223, 6.26], [0.564, 107.39], [0.5514, 175.75], [0.1, 15.01], [0.0984, 11.0], [0.0012, 2000.0], [0.001, 27572.57], [0.0002, 25000.0]], 'asks': [[0.942, 15.37], [0.9842, 4.35], [0.9996, 182.1], [1.0243, 3.08], [1.0304, 52.27], [1.0361, 2.7], [1.04, 2.32], [1.0544, 6.8], [1.0603, 3.05], [1.0684, 2.52], [1.0801, 4.32], [1.0862, 7.16], [1.1384, 4.68], [1.16, 1.99], [1.2436, 3.25], [1.2912, 3.34]], 'timestamp': 1711986991000, 'datetime': '2024-04-01T15:56:31.000Z', 'nonce': None}, 'MKR/USDT': {'symbol': 'MKR/USDT', 'bids': [[3638.76, 0.08981], [3637.52, 0.00324], [3516.83, 0.32128], [3456.45, 0.04733], [3451.65, 0.0483], [3422.45, 0.0341], [3387.48, 0.08854], [3356.93, 0.05669], [12.56, 2.28863], [1.23, 40.94064], [1.2, 2.0], [0.2, 8.0], [0.01, 100.0]], 'asks': [[3695.93, 0.49838], [3711.02, 0.10407], [3750.81, 0.10505], [3916.4, 0.04178], [3938.02, 0.07881], [3962.84, 0.07243], [3965.18, 0.63971], [3982.08, 0.10929], [3990.53, 0.09499], [4011.82, 0.05074], [4014.43, 0.07653], [4029.9, 0.08966]], 'timestamp': 1711986991000, 'datetime': '2024-04-01T15:56:31.000Z', 'nonce': None}, 'MKR/VET': {'symbol': 'MKR/VET', 'bids': [[82431.0, 0.11864], [82116.0, 0.02714], [81867.0, 0.01441], [77861.0, 0.10595], [77413.0, 0.09707], [76815.0, 0.13044], [76066.0, 0.23617], [75800.0, 0.00785], [75668.0, 0.2437], [75215.0, 0.00702], [74148.0, 0.01386], [73885.0, 0.00796], [73278.0, 0.53989], [73183.0, 0.02139], [73131.0, 0.03377], [72586.0, 0.01835], [72143.0, 0.22881], [71865.0, 0.02237], [71130.0, 0.23787], [69182.0, 0.08527], [68800.0, 0.38098], [66934.0, 0.37428], [66306.0, 0.15856], [65774.0, 0.66837], [65122.0, 0.61351], [62540.0, 0.01372], [19369.0, 0.29774], [1.0, 100.00077]], 'asks': [[85042.0, 0.74994], [85363.0, 0.15662], [85891.0, 0.11196], [89404.0, 0.63078], [91428.0, 0.06161], [91739.0, 0.07765], [92041.0, 0.07515], [92352.0, 0.06621], [92973.0, 0.78418], [93055.0, 0.00654], [93198.0, 0.00759], [93429.0, 0.01498], [93520.0, 0.008], [93655.0, 0.01186], [94205.0, 0.0443], [94239.0, 0.43682], [94362.0, 0.02982], [94489.0, 0.06058], [94697.0, 0.05028], [96562.0, 0.03412], [97319.0, 0.0772], [98375.0, 0.35194], [98497.0, 0.01019]], 'timestamp': 1711986991000, 'datetime': '2024-04-01T15:56:31.000Z', 'nonce': None}, 'OCE/BTC': {'symbol': 'OCE/BTC', 'bids': [[5e-09, 1502211.0], [4e-09, 4007204.0], [3e-09, 6640060.0], [2e-09, 5741132.0], [1e-09, 3503643.0]], 'asks': [[6e-09, 694226.0], [7e-09, 3314531.0], [8e-09, 3214144.0], [9e-09, 1354640.0], [1e-08, 1849584.0], [1.1e-08, 910072.0], [1.2e-08, 1103465.0], [1.3e-08, 675749.0], [1.4e-08, 140460.0], [1.5e-08, 466158.0], [1.6e-08, 183725.0], [1.7e-08, 493805.0], [1.8e-08, 180422.0], [1.9e-08, 420865.0], [2e-08, 247605.0], [2.1e-08, 546404.0], [2.2e-08, 159836.0], [2.3e-08, 383557.0], [2.4e-08, 163503.0], [2.5e-08, 836601.0], [2.6e-08, 150150.0], [2.7e-08, 363018.0], [2.8e-08, 245265.0], [2.9e-08, 175017.0], [3e-08, 183127.0], [3.1e-08, 90340.0], [3.3e-08, 94002.0], [3.4e-08, 3088.0], [3.5e-08, 22701.0], [3.6e-08, 7977.0], [3.8e-08, 484841.0], [3.9e-08, 7692.0], [4e-08, 22229.0], [4.4e-08, 82977.0], [4.8e-08, 357977.0], [4.9e-08, 5000.0], [5.4e-08, 9495.0], [5.9e-08, 5000.0], [6e-08, 7977.0], [6.2e-08, 22328.0], [6.5e-08, 5000.0], [6.9e-08, 5000.0], [7.4e-08, 500000.0], [7.5e-08, 5000.0], [7.7e-08, 160786.0], [7.8e-08, 7977.0], [8e-08, 17126.0], [8.3e-08, 1000000.0], [8.5e-08, 5000.0], [8.9e-08, 25870.0], [9e-08, 12977.0], [9.5e-08, 4444.0], [9.8e-08, 7977.0], [1e-07, 282500.0], [1.08e-07, 7977.0], [1.1e-07, 1642650.0], [1.17e-07, 4496.0], [1.19e-07, 1000000.0], [1.2e-07, 5000.0], [1.21e-07, 7977.0], [1.25e-07, 250000.0], [1.3e-07, 5000.0], [1.38e-07, 7977.0], [1.4e-07, 5000.0], [1.44e-07, 1000000.0], [1.47e-07, 30036.0], [1.5e-07, 255000.0], [1.6e-07, 12127.0], [1.7e-07, 5000.0], [1.71e-07, 1000000.0], [1.75e-07, 250000.0], [1.8e-07, 5000.0], [1.9e-07, 5000.0], [2e-07, 392950.0], [2.1e-07, 5000.0], [2.11e-07, 1000000.0], [2.2e-07, 5000.0], [2.23e-07, 290512.0], [2.25e-07, 250000.0], [2.3e-07, 5000.0], [2.4e-07, 5000.0], [2.47e-07, 393102.0], [2.5e-07, 782827.0], [2.58e-07, 118241.0], [2.6e-07, 5000.0], [2.69e-07, 103987.0], [2.7e-07, 5000.0], [2.75e-07, 510000.0], [2.76e-07, 307833.0], [2.8e-07, 5000.0], [2.85e-07, 200000.0], [2.9e-07, 9929246.0], [2.97e-07, 5216.0], [2.99e-07, 500000.0], [3e-07, 1934594.0], [3.1e-07, 5000.0], [3.11e-07, 540862.0], [3.15e-07, 1054366.0], [3.2e-07, 5000.0], [3.25e-07, 250000.0], [3.3e-07, 5000.0], [3.33e-07, 17512.0], [3.36e-07, 411513.0], [3.38e-07, 35387.0], [3.4e-07, 5000.0], [3.48e-07, 32917.0], [3.49e-07, 500000.0], [3.5e-07, 505000.0], [3.57e-07, 302846.0], [3.6e-07, 5000.0], [3.69e-07, 148578.0], [3.7e-07, 32050.0], [3.75e-07, 250000.0], [3.77e-07, 41161.0], [3.8e-07, 5000.0], [3.9e-07, 5000.0], [3.94e-07, 39968.0], [3.97e-07, 50000.0], [3.99e-07, 500000.0], [4e-07, 118918.0], [4.01e-07, 24993.0], [4.1e-07, 5000.0], [4.2e-07, 5000.0], [4.25e-07, 103695.0], [4.3e-07, 5000.0], [4.4e-07, 5000.0], [4.45e-07, 500000.0], [4.5e-07, 5225.0], [4.59e-07, 10000.0], [4.6e-07, 5000.0], [4.7e-07, 5000.0], [4.75e-07, 1000000.0], [4.79e-07, 10000.0], [4.8e-07, 5000.0], [4.89e-07, 10000.0], [4.9e-07, 5000.0], [4.95e-07, 50000.0], [4.99e-07, 10000.0], [5e-07, 232297.0], [5.02e-07, 104833.0], [5.1e-07, 5000.0], [5.19e-07, 10000.0], [5.3e-07, 7987.0], [5.39e-07, 10000.0], [5.6e-07, 100000.0], [5.94e-07, 1000.0], [5.95e-07, 50000.0], [5.98e-07, 130038.0], [6.05e-07, 10000.0], [6.39e-07, 2705.0], [6.59e-07, 35752.0], [6.9e-07, 150.0], [7e-07, 10000.0], [7.88e-07, 100000.0], [8.1e-07, 5000.0], [8.42e-07, 50000.0], [8.88e-07, 116859.0], [9.94e-07, 133073.0], [1e-06, 10586.0], [1.111e-06, 23377.0], [1.133e-06, 11674.0], [1.2e-06, 720.0], [1.234e-06, 4069.0], [1.313e-06, 6271.0], [1.444e-06, 5555.0], [1.6e-06, 360979.0], [1.788e-06, 100000.0], [1.999e-06, 360980.0], [2e-06, 270.0], [2.222e-06, 13281.0], [2.59e-06, 450.0], [2.959e-06, 35752.0], [3.37e-06, 158.0], [3.393e-06, 670.0], [3.693e-06, 4069.0], [3.788e-06, 100000.0], [5e-06, 21375.0], [5.369e-06, 199570.0], [6.369e-06, 16693.0], [6.969e-06, 16971.0], [7e-06, 261719.0], [8.7e-06, 1000.0], [8.788e-06, 100000.0], [1.1111e-05, 23378.0], [1.4e-05, 400.0], [1.6e-05, 499.0], [1.8276e-05, 21250.0], [2e-05, 270.0], [2.8788e-05, 100000.0], [3e-05, 46369.0], [3.6369e-05, 8515.0], [4e-05, 720.0], [4.6e-05, 270.0], [5e-05, 40989.0], [5.8276e-05, 15937.0], [8.276e-05, 8965.0], [0.0001, 25261.0], [0.000101016, 5942.0], [0.000133699, 20754.0], [0.000158276, 23906.0], [0.00017, 20360.0], [0.00018276, 5976.0], [0.000222222, 2541.0], [0.001, 158.0], [0.001136999, 15566.0], [0.01, 40250.0], [1.0, 36377.0]], 'timestamp': 1711986991000, 'datetime': '2024-04-01T15:56:31.000Z', 'nonce': None}, 'OCE/USDT': {'symbol': 'OCE/USDT', 'bids': [[0.000386, 8216.0], [0.000375, 8462.0], [0.000371, 5000.0], [0.000368, 62500.0], [0.000366, 10000.0], [0.000365, 324289.0], [0.000363, 8769.0], [0.000361, 25000.0], [0.00036, 199444.0], [0.000358, 15000.0], [0.000351, 25000.0], [0.000345, 9032.0], [0.000341, 6843.0], [0.00034, 200000.0], [0.000337, 10022.0], [0.000336, 9303.0], [0.00033, 623379.0], [0.000323, 9582.0], [0.000311, 10166.0], [0.000308, 14364.0], [0.000307, 119369.0], [0.000305, 1777033.0], [0.000301, 631229.0], [0.0003, 353499.0], [0.000292, 33037.0], [0.00029, 223225.0], [0.000289, 10720.0], [0.00028, 45294.0], [0.000272, 14705.0], [0.00027, 259259.0], [0.000268, 14925.0], [0.000264, 37878.0], [0.000251, 257909.0], [0.00025, 20000.0], [0.00024, 291666.0], [0.00022, 57646.0], [0.000212, 466014.0], [0.00021, 333333.0], [0.000204, 163235.0], [0.000202, 704905.0], [0.0002, 12911450.0], [0.00018, 395060.0], [0.000175, 1095509.0], [0.00015, 541666.0], [0.000144, 58714.0], [0.000135, 271666.0], [0.000122, 1103195.0], [0.00012, 583333.0], [0.00011, 485597.0], [0.000103, 8962284.0], [0.000101, 200000.0], [0.0001, 2635000.0], [9.5e-05, 105263.0], [9.3e-05, 430205.0], [9.2e-05, 434881.0], [9e-05, 777777.0], [8.2e-05, 12195121.0], [7.5e-05, 1794532.0], [7e-05, 14285714.0], [6.7e-05, 497014.0], [6.5e-05, 17107541.0], [6.2e-05, 1612903.0], [6.1e-05, 2305151.0], [6e-05, 1542527.0], [5.8e-05, 1379623.0], [5.4e-05, 277763.0], [5.2e-05, 808949.0], [5e-05, 1696593.0], [4e-05, 422845.0], [3e-05, 2333333.0], [2e-05, 535165.0], [1e-05, 1170330.0], [2e-06, 500000.0], [1e-06, 76706959.0]], 'asks': [[0.000407, 9506.0], [0.000418, 9506.0], [0.00042, 177880.0], [0.000425, 5000.0], [0.000426, 5000.0], [0.000427, 5000.0], [0.000428, 5000.0], [0.000429, 5000.0], [0.000432, 25000.0], [0.000433, 10031.0], [0.000436, 25000.0], [0.000439, 10000.0], [0.000446, 10000.0], [0.000449, 110257.0], [0.00045, 166499.0], [0.000451, 10700.0], [0.000462, 11021.0], [0.000471, 5000.0], [0.000473, 11021.0], [0.000477, 5000.0], [0.000484, 11692.0], [0.000488, 194585.0], [0.000493, 5000.0], [0.000494, 11628.0], [0.000499, 410000.0], [0.000504, 5000.0], [0.000506, 12043.0], [0.000515, 200000.0], [0.000525, 25000.0], [0.000528, 25000.0], [0.000539, 25000.0], [0.000556, 5395.0], [0.00056, 5357.0], [0.000564, 7092.0], [0.000568, 7042.0], [0.000572, 6993.0], [0.000598, 10000.0], [0.000599, 549583.0], [0.0006, 1683.0], [0.000625, 10000.0], [0.000626, 399361.0], [0.00065, 10000.0], [0.000675, 129568.0], [0.000685, 2396246.0], [0.0007, 3000.0], [0.00074, 140150.0], [0.000745, 50000.0], [0.000777, 500000.0], [0.000791, 10000.0], [0.0008, 2500.0], [0.000801, 217029.0], [0.000882, 152740.0], [0.000888, 500000.0], [0.0009, 375000.0], [0.000909, 24465.0], [0.00094, 1100.0], [0.001, 219394.0], [0.001009, 54950.0], [0.00101, 11000.0], [0.00104, 1000.0], [0.00125, 80000.0], [0.0014, 1556327.0], [0.001421, 291678.0], [0.0015, 1375423.0], [0.001515, 290513.0], [0.0016, 491908.0], [0.001688, 200000.0], [0.001776, 49349.0], [0.0018, 205453.0], [0.001877, 1000000.0], [0.0019, 272355.0], [0.001915, 505055.0], [0.001986, 50000.0], [0.001998, 1000000.0], [0.002, 45451.0], [0.00204, 500.0], [0.00214, 470.0], [0.0022, 10499.0], [0.002222, 3178889.0], [0.002223, 1342.0], [0.00224, 450.0], [0.002249, 499500.0], [0.0023, 2763669.0], [0.00234, 430.0], [0.00244, 410.0], [0.00245, 451558.0], [0.0025, 311872.0], [0.00254, 395.0], [0.00264, 380.0], [0.0027, 6622807.0], [0.00274, 370.0], [0.00284, 360.0], [0.00294, 350.0], [0.003, 91180.0], [0.00304, 690.0], [0.00314, 330.0], [0.00324, 320.0], [0.00334, 310.0], [0.00341, 3000.0], [0.00344, 300.0], [0.0035, 31736.0], [0.00354, 290.0], [0.00364, 280.0], [0.0037, 235334.0], [0.00374, 270.0], [0.00379, 1500000.0], [0.003801, 200000.0], [0.00384, 270.0], [0.00394, 260.0], [0.00398, 12154.0], [0.004, 37268.0], [0.00404, 550.0], [0.00414, 250.0], [0.00424, 250.0], [0.00433, 5184694.0], [0.00434, 250.0], [0.00438, 66042.0], [0.0044, 736276.0], [0.00444, 250.0], [0.004449, 50000.0], [0.0045, 26405.0], [0.00454, 250.0], [0.004571, 109890.0], [0.00464, 250.0], [0.00474, 250.0], [0.00484, 250.0], [0.0049, 267460.0], [0.00494, 250.0], [0.00499, 147436.0], [0.005, 38868.0], [0.00504, 500.0], [0.005105, 100000.0], [0.005115, 100000.0], [0.005125, 100000.0], [0.005135, 100000.0], [0.00514, 250.0], [0.005145, 100000.0], [0.005155, 100000.0], [0.005165, 100000.0], [0.005175, 100000.0], [0.005185, 100000.0], [0.005195, 100000.0], [0.005205, 100000.0], [0.005215, 100000.0], [0.005225, 100000.0], [0.005235, 100000.0], [0.00524, 250.0], [0.005245, 161127.0], [0.005255, 100000.0], [0.005265, 100000.0], [0.005275, 100000.0], [0.005285, 100000.0], [0.005295, 100000.0], [0.005305, 100000.0], [0.005315, 99918.0], [0.005325, 100000.0], [0.005335, 100000.0], [0.00534, 250.0], [0.005355, 100000.0], [0.005365, 62831.0], [0.005375, 100000.0], [0.005385, 100000.0], [0.005395, 100000.0], [0.0054, 30419.0], [0.005405, 100000.0], [0.005415, 100000.0], [0.005425, 100000.0], [0.005435, 100000.0], [0.00544, 250.0], [0.005445, 100000.0], [0.005455, 100000.0], [0.005465, 100000.0], [0.005475, 100000.0], [0.005485, 100000.0], [0.005495, 30679.0], [0.0055, 31168.0], [0.005505, 100000.0], [0.005515, 100000.0], [0.005525, 100000.0], [0.005535, 100000.0], [0.00554, 250.0], [0.005555, 100000.0], [0.005575, 100000.0], [0.005595, 100000.0], [0.005605, 100000.0], [0.005615, 100000.0], [0.005625, 100000.0], [0.005635, 100000.0], [0.005645, 100000.0], [0.005655, 100000.0], [0.005665, 100000.0], [0.005685, 100000.0], [0.005705, 100000.0], [0.005725, 100000.0], [0.00574, 250.0], [0.005755, 98731.0], [0.005855, 100000.0], [0.00594, 200.0], [0.005955, 100000.0], [0.00599, 125000.0], [0.006, 10000.0], [0.00604, 200.0], [0.006055, 100000.0], [0.00614, 200.0], [0.006155, 200000.0], [0.00618, 66041.0], [0.006255, 100000.0], [0.00634, 200.0], [0.006355, 100000.0], [0.006455, 100000.0], [0.0065, 10000.0], [0.00654, 200.0], [0.006555, 67810.0], [0.006595, 100000.0], [0.006605, 100000.0], [0.006615, 100000.0], [0.006625, 100000.0], [0.006635, 100000.0], [0.006655, 100000.0], [0.0067, 146849.0], [0.00674, 200.0], [0.006765, 33913.0], [0.006775, 100000.0], [0.0069, 125000.0], [0.00694, 200.0], [0.007, 310000.0], [0.00704, 200.0], [0.00714, 200.0], [0.00734, 200.0], [0.007399, 50000.0], [0.0075, 61000.0], [0.00754, 200.0], [0.007555, 150000.0], [0.0076, 10000.0], [0.00774, 200.0], [0.00794, 200.0], [0.00799, 125000.0], [0.008, 2005144.0], [0.00804, 200.0], [0.00814, 200.0], [0.00834, 200.0], [0.0085, 10000.0], [0.00854, 200.0], [0.00874, 200.0], [0.00894, 200.0], [0.00899, 125000.0], [0.009, 1019211.0], [0.00904, 200.0], [0.0095, 197290.0], [0.00987, 50000.0], [0.0099, 774159.0], [0.01, 5122818.0], [0.010038, 1000.0], [0.0105, 10613.0], [0.011, 1000.0], [0.0119, 12000.0], [0.012, 3306384.0], [0.01235, 437042.0], [0.0125, 100000.0], [0.012677, 7562.0], [0.0127, 46799.0], [0.012977, 6845.0], [0.012988, 400.0], [0.013, 4912375.0], [0.013543, 126515.0], [0.013565, 480858.0], [0.0136, 7500.0], [0.013688, 5787.0], [0.013701, 485716.0], [0.014, 219118.0], [0.014389, 2757870.0], [0.0144, 1000.0], [0.01449, 50000.0], [0.0145, 298283.0], [0.014633, 5897.0], [0.01465, 28000.0], [0.01468, 10000.0], [0.014759, 184504.0], [0.0148, 88000.0], [0.0149, 161243.0], [0.01495, 28000.0], [0.014999, 12000.0], [0.015, 9496753.0], [0.01507, 204477.0], [0.0151, 28000.0], [0.01525, 28000.0], [0.015299, 224076.0], [0.0154, 28000.0], [0.01555, 28000.0], [0.01563, 101434.0], [0.0157, 28000.0], [0.015806, 6388.0], [0.015807, 5907.0], [0.015808, 6298.0], [0.015809, 6547.0], [0.015827, 5876.0], [0.015828, 6136.0], [0.015829, 5968.0], [0.01583, 6477.0], [0.015831, 550454.0]], 'timestamp': 1711986991000, 'datetime': '2024-04-01T15:56:31.000Z', 'nonce': None}, 'OCE/VET': {'symbol': 'OCE/VET', 'bids': [[0.0089, 14515.0], [0.0088, 15812.0], [0.0087, 70328.0], [0.0086, 143992.0], [0.0085, 100067.0], [0.0084, 138095.0], [0.0083, 520729.0], [0.0082, 50000.0], [0.0081, 25000.0], [0.008, 781427.0], [0.0079, 142966.0], [0.0078, 253449.0], [0.0077, 115912.0], [0.0076, 43714.0], [0.0075, 37301.0], [0.0074, 81715.0], [0.0073, 50000.0], [0.0072, 905692.0], [0.0071, 3377248.0], [0.007, 1000000.0], [0.0069, 80677.0], [0.0067, 15074.0], [0.0065, 85496.0], [0.0064, 62512.0], [0.0061, 36050.0], [0.006, 2670119.0], [0.0052, 131648.0], [0.0051, 571447.0], [0.0027, 37500.0], [0.001, 7465432.0], [0.0002, 6233453.0]], 'asks': [[0.0092, 25000.0], [0.0093, 35753.0], [0.0094, 25000.0], [0.0095, 100000.0], [0.0096, 100000.0], [0.0097, 446616.0], [0.0098, 100000.0], [0.0099, 380587.0], [0.01, 261000.0], [0.0101, 159933.0], [0.0102, 124147.0], [0.0103, 379342.0], [0.0104, 67061198.0], [0.0105, 961092.0], [0.0106, 297395.0], [0.0107, 65788.0], [0.0108, 463497.0], [0.0109, 71236.0], [0.011, 61129.0], [0.0112, 46943.0], [0.0113, 25000.0], [0.0114, 25000.0], [0.0115, 621183.0], [0.0116, 25000.0], [0.0117, 354271.0], [0.0118, 200000.0], [0.012, 965713.0], [0.0123, 122572.0], [0.0125, 714419.0], [0.0126, 1030928.0], [0.0128, 825000.0], [0.0129, 697869.0], [0.013, 444449.0], [0.0133, 16695.0], [0.0135, 50000.0], [0.0138, 58184.0], [0.0139, 563287.0], [0.014, 507242.0], [0.0144, 763590.0], [0.0145, 974258.0], [0.0149, 554420.0], [0.015, 667243.0], [0.0155, 50000.0], [0.0159, 962380.0], [0.016, 50000.0], [0.0163, 957514.0], [0.0165, 50000.0], [0.0169, 818322.0], [0.017, 50000.0], [0.0175, 50000.0], [0.0179, 674264.0], [0.018, 50000.0], [0.0182, 740741.0], [0.0185, 50000.0], [0.0189, 818323.0], [0.019, 50000.0], [0.0198, 650000.0], [0.02, 1259998.0], [0.0201, 680272.0], [0.0222, 5625000.0], [0.0229, 25000.0], [0.024, 389110.0], [0.0242, 581395.0], [0.025, 172368.0], [0.0263, 25000.0], [0.0264, 540541.0], [0.028, 100000.0], [0.0285, 507614.0], [0.0288, 5000000.0], [0.03, 214451.0], [0.0308, 25000.0], [0.0309, 952381.0], [0.0315, 50000.0], [0.033, 100000.0], [0.0348, 100000.0], [0.035, 8178.0], [0.0354, 843882.0], [0.0355, 2202169.0], [0.037, 289111.0], [0.0375, 548000.0], [0.0384, 1000000.0], [0.0385, 800000.0], [0.0387, 1500000.0], [0.039, 63895.0], [0.0394, 25000.0], [0.0395, 5000000.0], [0.0396, 3116209.0], [0.0398, 50000.0], [0.04, 214828.0], [0.0412, 4048.0], [0.0424, 25000.0], [0.0425, 50000.0], [0.0435, 159785.0], [0.044, 701754.0], [0.0449, 25000.0], [0.0464, 59181.0], [0.0469, 25000.0], [0.047, 159786.0], [0.048, 5200000.0], [0.0487, 645161.0], [0.0489, 1023927.0], [0.0497, 4837.0], [0.05, 354473.0], [0.0536, 597015.0], [0.0539, 25000.0], [0.0555, 800000.0], [0.0587, 995024.0], [0.06, 504700.0], [0.0635, 50000.0], [0.068, 47921.0], [0.07, 490636.0], [0.0715, 95584.0], [0.0725, 600000.0], [0.073, 462953.0], [0.0734, 463970.0], [0.0739, 296771.0], [0.075, 301400.0], [0.078, 308635.0], [0.0788, 1422072.0], [0.0798, 50000.0], [0.08, 311362.0], [0.0807, 104977.0], [0.0823, 201014.0], [0.0824, 2024.0], [0.0837, 27928.0], [0.085, 800000.0], [0.0886, 1404582.0], [0.091, 1000000.0], [0.095, 100000.0], [0.0977, 4837.0], [0.0982, 3344372.0], [0.1, 2760821.0], [0.103, 2500.0], [0.1136, 69041.0], [0.115, 11199.0], [0.1177, 15914.0], [0.12, 100000.0], [0.1218, 1000.0], [0.128, 800.0], [0.132, 759.0], [0.1322, 150000.0], [0.135, 5000.0], [0.137, 5204011.0], [0.139, 5000.0], [0.14, 200000.0], [0.1429, 1203122.0], [0.1444, 1700.0], [0.148, 700.0], [0.149, 49846.0], [0.15, 291400.0], [0.1518, 700.0], [0.16, 200000.0], [0.162, 5000.0], [0.1648, 1012.0], [0.168, 600.0], [0.177, 199930.0], [0.188, 580.0], [0.19, 80311.0], [0.1918, 600.0], [0.1997, 26197.0], [0.2, 689800.0], [0.208, 500.0], [0.21, 47142.0], [0.2123, 10000.0], [0.2222, 120000.0], [0.228, 439.0], [0.23, 50000.0], [0.2305, 10000.0], [0.2398, 10000.0], [0.24, 500000.0], [0.2418, 450.0], [0.248, 193953.0], [0.25, 881856.0], [0.26, 2570682.0], [0.268, 390.0], [0.27, 603533.0], [0.2718, 400.0], [0.2777, 15867.0], [0.288, 350.0], [0.3, 137358.0], [0.305, 104834.0], [0.308, 330.0], [0.318, 320.0], [0.32, 135506.0], [0.328, 310.0], [0.3369, 35731.0], [0.348, 590.0], [0.3541, 20000.0], [0.368, 272.0], [0.3777, 26197.0], [0.3855, 2500.0], [0.388, 518.0], [0.4, 15000.0], [0.408, 250.0], [0.4099, 403909.0], [0.418, 240.0], [0.428, 240.0], [0.438, 500230.0], [0.45, 10827.0], [0.4537, 14110.0], [0.4603, 20000.0], [0.4639, 22465.0], [0.465, 100000.0], [0.48, 297.0], [0.49, 5027.0], [0.4987, 7849.0], [0.499, 500000.0], [0.5, 516152.0], [0.525, 100000.0], [0.5497, 20000.0], [0.5513, 69042.0], [0.5688, 22865.0], [0.5757, 207.0], [0.5777, 1853.0], [0.5997, 200123.0], [0.615, 400.0], [0.6393, 167151.0], [0.64, 506.0], [0.6423, 80000.0], [0.6438, 201.0], [0.6622, 158.0], [0.6939, 17336.0], [0.7, 9230.0], [0.7038, 453.0], [0.72, 100000.0], [0.7239, 83576.0], [0.7272, 6964.0], [0.75, 30000.0], [0.7642, 20000.0], [0.7723, 60000.0], [0.7777, 80907.0], [0.8, 35418.0], [0.8099, 403910.0], [0.81, 56181.0], [0.8723, 60000.0], [0.8888, 9522.0], [0.8913, 363084.0], [0.9, 72094.0], [0.91, 11000.0], [0.92, 307.0], [0.9262, 20000.0], [0.9777, 1569.0], [0.99, 1040161.0], [0.9954, 290424.0], [0.9999, 4121163.0], [1.0, 637105.0], [1.015, 100000.0], [1.05, 24942.0], [1.0872, 5000.0], [1.1113, 86106.0], [1.1177, 135430.0], [1.17, 35015.0], [1.2, 2400.0], [1.23, 18562.0], [1.43, 12000.0], [1.444, 109741.0], [1.555, 19624.0], [1.57, 13719.0], [1.8327, 2499.0], [1.85, 108239.0], [1.98, 570.0], [2.015, 60460.0], [2.1, 50000.0], [3.0, 1381.0], [21.0, 20185.0], [22.1369, 11038.0], [1000000.0, 1.0]], 'timestamp': 1711986991000, 'datetime': '2024-04-01T15:56:31.000Z', 'nonce': None}, 'OMG/USDT': {'symbol': 'OMG/USDT', 'bids': [[1.0266, 1.0], [1.0249, 1.0], [1.017, 40.27], [0.9972, 73.08], [0.9481, 3.3], [0.9422, 15.41], [0.933, 266.01], [0.9271, 3.11], [0.9237, 6.92], [0.9209, 4.12], [0.9191, 55.65], [0.9157, 2.58], [0.914, 12.47], [0.9092, 11.8], [0.9068, 11.56], [0.9057, 2.28], [0.9002, 11.48], [0.8989, 25.54], [0.896, 21.68], [0.8948, 2.43], [0.8833, 38.03], [0.8785, 9.88], [0.8765, 32.75], [0.8644, 25.35], [0.8566, 16.47], [0.8552, 2.97], [0.8534, 59.89], [0.8493, 10.79], [0.8452, 21.33], [0.8434, 41.57], [0.8037, 44.19], [0.7916, 34.01], [0.7002, 2.82], [0.21, 261.9], [0.0101, 45288.95], [0.01, 200.0], [0.001, 2000.0], [0.0004, 5000.0], [0.0002, 25000.0], [0.0001, 20000.0]], 'asks': [[1.0376, 39.59], [1.0626, 99.88], [1.0633, 2.61], [1.1081, 11.3], [1.1103, 18.45], [1.113, 7.4], [1.116, 8.2], [1.1188, 7.63], [1.123, 11.42], [1.1255, 11.39], [1.1285, 19.51], [1.129, 198.17], [1.1332, 7.71], [1.1359, 4.94], [1.1373, 9.14], [1.139, 5.66], [1.1449, 10.74], [1.1469, 3.62], [1.1516, 5.15], [1.1532, 10.69], [1.1558, 3.02], [1.1645, 13.01], [1.1676, 22.01], [1.1755, 14.26], [1.1803, 8.42], [1.1868, 11.85], [1.1935, 11.7], [1.1955, 3.16], [1.199, 9.92], [1.2151, 28.22], [1.2664, 59.8], [1.2928, 62.89], [1.299, 14.58], [1.3535, 23.73], [20.0, 2.29], [50.0, 2.3]], 'timestamp': 1711986991000, 'datetime': '2024-04-01T15:56:31.000Z', 'nonce': None}, 'SHA/BTC': {'symbol': 'SHA/BTC', 'bids': [[5e-09, 2000000.0], [4e-09, 6200000.0], [3e-09, 4916670.0], [2e-09, 1087336.0], [1e-09, 18469322.0]], 'asks': [[6e-09, 16683.0], [7e-09, 415824.0], [1.2e-08, 9416.0], [1.4e-08, 124472.0], [1.5e-08, 488092.0], [1.8e-08, 167527.0], [1.9e-08, 519045.0], [2.1e-08, 400000.0], [2.3e-08, 350000.0], [2.5e-08, 60000.0], [3.6e-08, 98000.0], [3.7e-08, 71000.0], [3.9e-08, 79963.0], [4e-08, 20020.0], [4.4e-08, 63045.0], [4.5e-08, 20020.0], [4.7e-08, 111223.0], [4.8e-08, 300000.0], [4.9e-08, 399970.0], [5e-08, 20020.0], [6e-08, 20020.0], [6.9e-08, 115789.0], [7e-08, 15015.0], [8e-08, 15015.0], [8.2e-08, 140000.0], [8.9e-08, 18744.0], [9e-08, 15015.0], [9.9e-08, 414573.0], [1e-07, 15015.0], [1.1e-07, 16049.0], [1.2e-07, 15015.0], [1.3e-07, 15015.0], [1.37e-07, 116968.0], [1.4e-07, 15015.0], [1.5e-07, 15015.0], [1.6e-07, 15015.0], [1.69e-07, 11357.0], [1.7e-07, 15015.0], [1.8e-07, 115015.0], [1.9e-07, 56362.0], [2e-07, 15015.0], [2.1e-07, 5522.0], [2.39e-07, 59972.0], [2.59e-07, 5375.0], [2.6e-07, 49000.0], [2.79e-07, 164835.0], [2.83e-07, 100000.0], [2.84e-07, 100000.0], [2.88e-07, 499.0], [2.98e-07, 1814.0], [3.33e-07, 4536.0], [3.5e-07, 27582.0], [3.54e-07, 2156.0], [3.99e-07, 12787.0], [4.34e-07, 50091.0], [4.49e-07, 6394.0], [4.92e-07, 26430.0], [5e-07, 16810.0], [5.2e-07, 2875.0], [5.66e-07, 25287.0], [7.27e-07, 171903.0], [7.5e-07, 15824.0], [8e-07, 200000.0], [8.07e-07, 1820.0], [8.33e-07, 49000.0], [8.39e-07, 44979.0], [9.2e-07, 20952.0], [1e-06, 46092.0], [1.22e-06, 20000.0], [1.777e-06, 86346.0], [2.13e-06, 30000.0], [2.39e-06, 33734.0], [2.65e-06, 9995.0], [3e-06, 22477.0], [4.444e-06, 6804.0], [6e-06, 3423.0], [6.1e-06, 48267.0], [1.2e-05, 1142.0], [3.3333e-05, 6805.0], [0.001359465, 4900.0]], 'timestamp': 1711986991000, 'datetime': '2024-04-01T15:56:31.000Z', 'nonce': None}, 'SHA/USDT': {'symbol': 'SHA/USDT', 'bids': [[0.00036, 441032.0], [0.000307, 6474450.0], [0.000266, 4100607.0], [0.000265, 847064.0], [0.000223, 97399.0], [0.000222, 4980728.0], [0.000215, 48098.0], [0.000165, 2233781.0], [0.00016, 64633.0], [0.000131, 42843.0], [0.00013, 76962.0], [0.00012, 2159328.0], [0.000111, 20111111.0], [0.000101, 12160615.0], [0.0001, 5247564.0], [1.3e-05, 4062213.0], [1.2e-05, 44466158.0], [1e-05, 23345277.0], [9e-06, 1111111.0]], 'asks': [[0.000458, 58559.0], [0.000459, 9990.0], [0.00046, 427263.0], [0.000483, 75000.0], [0.000617, 110454.0], [0.000618, 50000.0], [0.000646, 12780.0], [0.000647, 17491.0], [0.000749, 38336.0], [0.00075, 38765.0], [0.000769, 3746.0], [0.000787, 11239.0], [0.000895, 138113.0], [0.000896, 982496.0], [0.0009, 494110.0], [0.000999, 36197.0], [0.001, 38782.0], [0.00111, 7772.0], [0.001111, 7909.0], [0.001411, 36197.0], [0.001412, 741112.0], [0.001492, 2500.0], [0.003949, 50390.0], [0.00395, 69423.0], [0.005979, 57421.0], [0.00598, 100000.0], [0.00648, 59576.0], [0.00698, 9067.0], [0.007999, 64322.0], [0.008, 80000.0], [0.009, 384782.0], [0.009093, 37000.0], [0.01, 101959.0], [0.0106, 10000.0], [0.012, 46964.0], [0.012482, 420.0], [0.012999, 31266.0], [0.013, 200000.0], [0.0131, 10000.0], [0.014, 8100.0], [0.014497, 79416.0], [0.014796, 3500.0], [0.0149, 13579.0], [0.015, 470998.0], [0.0153, 6337.0], [0.0159, 2175589.0], [0.0162, 73112.0], [0.0179, 1716721.0], [0.018, 243491.0], [0.01933, 10000.0], [0.01999, 50000.0], [0.023551, 10000.0], [0.02422, 10000.0], [0.027777, 3553.0], [0.033551, 10000.0], [0.035, 26738.0], [0.0362, 109669.0], [0.03777, 86346.0], [0.0379, 264021.0], [0.03833, 15000.0], [0.0402, 166102.0], [0.05, 1702783.0], [0.055, 325405.0], [0.0562, 109669.0], [0.057, 50000.0], [0.05722, 10000.0], [0.06, 370951.0], [0.069888, 171440.0], [0.07, 14451.0], [0.07432, 10000.0], [0.09, 310697.0], [0.09432, 15000.0], [0.099886, 257161.0], [0.1, 28573.0], [0.11332, 10000.0], [0.1249, 2366.0], [0.131488, 257162.0], [0.13332, 10000.0], [0.15, 148798.0], [0.15333, 10000.0], [0.1743, 10000.0], [0.195, 79352.0], [0.19722, 10000.0], [0.2122, 10000.0], [0.2333, 10000.0], [0.2522, 10000.0], [0.266, 18966.0], [0.2722, 10000.0], [0.2922, 10000.0], [0.3122, 10000.0], [0.47, 6774.0], [0.6, 1774.0], [0.65, 20280.0], [0.8, 10179.0], [0.85, 5070.0], [0.9, 2256.0], [1.0, 20781.0], [1.9, 5325.0], [2.5, 4078.0], [5.0, 1000.0], [9.9, 752.0]], 'timestamp': 1711986991000, 'datetime': '2024-04-01T15:56:31.000Z', 'nonce': None}, 'SHA/VET': {'symbol': 'SHA/VET', 'bids': [[0.0075, 46752.0], [0.0071, 4557111.0], [0.007, 1142857.0], [0.006, 76492.0], [0.0059, 3481152.0], [0.0053, 149546.0], [0.0052, 99420.0], [0.0051, 5880988.0], [0.005, 34784.0], [0.0038, 99743.0], [0.0037, 2775513.0], [0.0026, 166970.0], [0.0025, 545831.0], [0.0024, 2083372.0], [0.001, 467980.0], [0.0009, 482789.0], [0.0007, 2857142.0], [0.0005, 4000002.0], [0.0001, 12500097.0]], 'asks': [[0.0101, 65693.0], [0.0102, 327479.0], [0.0134, 101791.0], [0.0135, 461803.0], [0.0202, 82278.0], [0.0203, 100208.0], [0.0204, 1011487.0], [0.0215, 21009.0], [0.0289, 49367.0], [0.029, 381726.0], [0.0292, 73611.0], [0.032, 506112.0], [0.033, 250000.0], [0.034, 71443.0], [0.0345, 484741.0], [0.035, 50781.0], [0.0376, 67466.0], [0.0379, 186575.0], [0.038, 250000.0], [0.0407, 243000.0], [0.0427, 36622.0], [0.0435, 235000.0], [0.045, 50000.0], [0.0466, 228000.0], [0.049, 506113.0], [0.0498, 221000.0], [0.0533, 215000.0], [0.0565, 8345.0], [0.057, 208000.0], [0.061, 202000.0], [0.0638, 2500.0], [0.0676, 3341.0], [0.07, 400000.0], [0.072, 208333.0], [0.0745, 3872620.0], [0.0796, 144394.0], [0.08, 460000.0], [0.0882, 2376.0], [0.0893, 72615.0], [0.0898, 2268.0], [0.09, 222222.0], [0.0997, 35604.0], [0.1109, 11296.0], [0.1192, 22641.0], [0.1289, 21872.0], [0.1293, 72614.0], [0.1497, 29139.0], [0.1499, 70000.0], [0.15, 221568.0], [0.16, 166493.0], [0.1777, 4897.0], [0.183, 6000.0], [0.19, 88095.0], [0.1946, 100377.0], [0.1977, 18724.0], [0.1999, 25000.0], [0.2, 61200.0], [0.222, 100267.0], [0.2224, 6055.0], [0.25, 13655.0], [0.2772, 43253.0], [0.2946, 100377.0], [0.2977, 35604.0], [0.3, 100000.0], [0.32, 100000.0], [0.35, 3906.0], [0.3777, 12000.0], [0.3818, 999.0], [0.4, 607576.0], [0.41, 29385.0], [0.429, 12500.0], [0.4444, 7530.0], [0.45, 146000.0], [0.4666, 22371.0], [0.4833, 40000.0], [0.488, 60182.0], [0.4995, 222446.0], [0.5, 1022039.0], [0.5222, 1215366.0], [0.527, 9990.0], [0.5369, 11296.0], [0.5432, 337225.0], [0.5665, 10668.0], [0.5673, 21431.0], [0.5777, 63400.0], [0.6, 60576.0], [0.629, 120565.0], [0.6539, 28658.0], [0.6832, 168612.0], [0.6875, 179352.0], [0.7, 1000000.0], [0.732, 14224.0], [0.7499, 16003.0], [0.7777, 25791.0], [0.82, 30000.0], [0.829, 15000.0], [0.9, 55640.0], [0.9777, 51401.0], [0.99, 151362.0], [1.0, 128444.0], [1.49, 5375.0], [2.0, 30600.0], [2.369, 3765.0], [2.8, 15301.0], [3.0, 15300.0], [10.0, 10000.0], [30.0, 15000.0], [50.0, 10000.0], [75.0, 10000.0], [99.0, 454.0], [100.0, 10000.0], [125.0, 10000.0], [150.0, 10000.0], [175.0, 5000.0], [200.0, 5000.0]], 'timestamp': 1711986991000, 'datetime': '2024-04-01T15:56:31.000Z', 'nonce': None}, 'SUSHI/USDT': {'symbol': 'SUSHI/USDT', 'bids': [[1.748, 3.502], [1.716, 2.243], [1.652, 2.913], [1.508, 0.839], [1.483, 0.984], [1.432, 2.093], [1.415, 1.167], [1.39, 0.979], [1.363, 2.897], [1.337, 1.881], [1.329, 2.469], [1.269, 4.515], [1.239, 4.698], [1.18, 4.768], [0.008, 1250.0], [0.002, 10000.0], [0.001, 3500.0]], 'asks': [[1.807, 2.719], [1.809, 3.285], [1.811, 5.788], [1.815, 4.054], [1.816, 4.95], [1.825, 3.989], [1.827, 3.277], [1.834, 4.019], [1.946, 22.697], [2.164, 0.826], [2.207, 0.945], [118.0, 5.341], [120.0, 2.755]], 'timestamp': 1711986991000, 'datetime': '2024-04-01T15:56:31.000Z', 'nonce': None}, 'UNI/USDT': {'symbol': 'UNI/USDT', 'bids': [[12.3142, 0.82], [12.1923, 3.49], [12.1638, 11.4], [12.1485, 0.77], [11.8526, 8.57], [11.3657, 0.6], [11.1849, 0.94], [11.0631, 0.82], [11.0229, 0.62], [11.0084, 0.5], [10.9405, 1.56], [10.8819, 1.37], [10.7775, 0.66], [10.7479, 0.59], [10.7261, 0.48], [10.704, 0.74], [10.6884, 1.0], [10.6369, 0.49], [10.623, 0.84], [10.5297, 0.59], [10.5232, 2.04], [10.4711, 0.32], [9.9303, 10.0], [9.1665, 6.63], [8.6121, 0.65], [1.02, 91.0], [0.0015, 2000.0], [0.0002, 55000.0], [0.0001, 10000.0]], 'asks': [[12.3159, 0.82], [12.3794, 5.46], [12.4387, 4.52], [12.5877, 5.63], [12.7977, 7.52], [13.3035, 0.37], [13.3863, 0.44], [13.5145, 0.84], [13.6208, 0.69], [13.7009, 1.77], [13.7303, 0.8], [13.7416, 0.78], [13.769, 0.64], [13.8186, 0.85], [13.8573, 0.6], [13.8814, 0.6], [13.9439, 0.36], [13.9886, 0.28], [14.0178, 0.47], [14.0579, 1.55], [14.0604, 0.74], [14.1107, 0.94], [14.1169, 0.35], [14.1978, 2.3], [14.2547, 0.93], [14.4911, 0.56], [14.5091, 1.02], [14.6037, 1.52], [15.8662, 4.2]], 'timestamp': 1711986991000, 'datetime': '2024-04-01T15:56:31.000Z', 'nonce': None}, 'USDC/USDT': {'symbol': 'USDC/USDT', 'bids': [[0.9999, 3.44], [0.999, 2997.02], [0.9957, 89.9], [0.995, 1801.19], [0.9896, 1926.94], [0.9895, 35.78], [0.9358, 85.82], [0.9231, 9.37], [0.9176, 4.85], [0.91, 9.76], [0.907, 3.87], [0.8983, 6.25], [0.8585, 15.62], [0.8499, 7.71], [0.8271, 4.53], [0.7509, 106.98], [0.7508, 26.06], [0.131, 13819.27], [0.1309, 8640.62], [0.1, 10.0], [0.0101, 9526.17], [0.01, 100.0], [0.0021, 31791.0], [0.002, 2500.0], [0.0011, 64262.29], [0.001, 1000.0], [0.0003, 157088.35], [0.0002, 10000.0], [0.0001, 10000.0]], 'asks': [[1.0002, 8.0], [1.0004, 2.13], [1.0006, 182.99], [1.0046, 192.64], [1.062, 110.45], [1.0637, 5.7], [1.0658, 3.51], [1.0812, 8.92], [1.0939, 4.89], [1.1322, 15.97], [1.138, 9.11], [1.2513, 231.55], [1.2514, 15.41], [10.0, 1.0], [25.0, 1.0], [50.0, 1.0], [100.0, 1.0], [200.0, 1.0], [300.0, 1.0], [500.0, 1.0], [1000.0, 1.0], [2000.0, 1.0], [3000.0, 1.0], [100000.0, 199.78]], 'timestamp': 1711986991000, 'datetime': '2024-04-01T15:56:31.000Z', 'nonce': None}, 'VET/BTC': {'symbol': 'VET/BTC', 'bids': [[6.32e-07, 251045.0], [6.31e-07, 250.0], [6.29e-07, 250.0], [6.27e-07, 250.0], [6.25e-07, 239.0], [6.22e-07, 250.0], [6.21e-07, 250.0], [6.01e-07, 2592.0], [6e-07, 16666.0], [5.95e-07, 3927.0], [5.89e-07, 7891.0], [5.83e-07, 1338.0], [5.77e-07, 4054.0], [5.7e-07, 11123.0], [5.69e-07, 9183.0], [5.67e-07, 7461.0], [5.65e-07, 3757.0], [5.64e-07, 7780.0], [5.63e-07, 7540.0], [5.62e-07, 3767.0], [5.61e-07, 7567.0], [5.54e-07, 11484.0], [5.53e-07, 16001.0], [5.5e-07, 18181.0], [5.49e-07, 19279.0], [5.48e-07, 3876.0], [5.4e-07, 31163.0], [5.35e-07, 22700.0], [5.32e-07, 31702.0], [5.31e-07, 2204.0], [5.3e-07, 5000.0], [5.29e-07, 1473.0], [5.2e-07, 48465.0], [5.19e-07, 7467.0], [5.03e-07, 7686.0], [5.01e-07, 9980.0], [5e-07, 168675.0], [4.95e-07, 6276.0], [4.8e-07, 1155.0], [4.52e-07, 4855.0], [4.01e-07, 14962.0], [3.01e-07, 19933.0], [2.1e-07, 9523.0], [1.01e-07, 198019.0], [1e-07, 51583.0], [2.2e-08, 454545.0], [2.1e-08, 47619.0], [1.1e-08, 909090.0], [1e-08, 10000.0], [1e-09, 100000.0]], 'asks': [[6.37e-07, 827.0], [6.39e-07, 252016.0], [6.4e-07, 1933.0], [6.43e-07, 61894.0], [6.46e-07, 816.0], [6.55e-07, 100686.0], [6.61e-07, 142309.0], [6.73e-07, 1761.0], [6.76e-07, 5272.0], [6.79e-07, 2845.0], [6.82e-07, 2608.0], [6.86e-07, 3460.0], [6.89e-07, 4313.0], [6.91e-07, 3441.0], [6.93e-07, 309.0], [6.94e-07, 1710.0], [6.98e-07, 205.0], [7.01e-07, 273896.0], [7.03e-07, 4087.0], [7.04e-07, 8123.0], [7.06e-07, 8100.0], [7.09e-07, 16685.0], [7.14e-07, 12067.0], [7.18e-07, 19958.0], [7.24e-07, 23767.0], [7.25e-07, 430.0], [7.26e-07, 16104.0], [7.28e-07, 15774.0], [7.34e-07, 23523.0], [7.44e-07, 30237.0], [7.45e-07, 26955.0], [7.56e-07, 15208.0], [7.59e-07, 11308.0], [7.6e-07, 548.0], [7.69e-07, 19574.0], [7.72e-07, 857.0], [7.81e-07, 214.0], [7.92e-07, 683.0], [8.03e-07, 222.0], [8.04e-07, 333.0], [8.09e-07, 330.0], [8.1e-07, 311.0], [8.11e-07, 260.0], [8.41e-07, 4607.0], [8.43e-07, 805.0], [8.61e-07, 574.0], [8.66e-07, 320.0], [8.95e-07, 20357.0], [9.14e-07, 120.0], [9.19e-07, 200.0], [9.29e-07, 99.0], [9.49e-07, 19677.0], [9.9e-07, 75218.0], [9.99e-07, 14409.0], [1.04e-06, 62892.0], [1.09e-06, 30000.0], [1.098e-06, 10000.0], [1.19e-06, 30490.0], [1.198e-06, 10000.0], [1.201e-06, 14270.0], [1.28e-06, 10000.0], [1.29e-06, 20187.0], [1.38e-06, 5000.0], [1.39e-06, 21269.0], [1.49e-06, 10000.0], [1.58e-06, 15000.0], [1.59e-06, 1183.0], [1.73e-06, 66.0], [1.74e-06, 58.0], [1.75e-06, 70.0], [1.76e-06, 70.0], [1.77e-06, 5000.0], [1.81e-06, 100.0], [1.89e-06, 100.0], [1.9e-06, 56.0], [1.91e-06, 56.0], [1.92e-06, 56.0], [1.989e-06, 15698.0], [2.097e-06, 1262.0], [2.18e-06, 13401.0], [2.243e-06, 30000.0], [2.46e-06, 591.0], [2.899e-06, 15697.0], [3.15e-06, 15087.0], [3.3e-06, 36683.0], [3.377e-06, 1711.0], [3.5e-06, 164.0], [3.501e-06, 58.0], [4e-06, 24417.0], [4.5e-06, 3249.0], [4.595e-06, 15087.0], [5.206e-06, 2482.0], [5.977e-06, 7291.0], [6e-06, 1000.0], [8.72e-06, 10000.0], [8.888e-06, 3369.0], [9.32e-06, 10000.0], [1.1369e-05, 15988.0], [1.4994e-05, 261.0], [1.76e-05, 582.0], [1.7777e-05, 3545.0], [1.921e-05, 150000.0], [3.11e-05, 19340.0], [3.1122e-05, 100000.0], [3.3699e-05, 16680.0], [3.7e-05, 3369.0], [3.8122e-05, 100000.0], [4.3122e-05, 100000.0], [0.0001, 99.0], [0.000901473, 3.0], [0.004293619, 1000.0], [10.0, 6447.0]], 'timestamp': 1711986991000, 'datetime': '2024-04-01T15:56:31.000Z', 'nonce': None}, 'VET/ETH': {'symbol': 'VET/ETH', 'bids': [[1.257e-05, 700.0], [1.256e-05, 1300.0], [1.249e-05, 959.0], [1.244e-05, 46948.0], [1.235e-05, 36710.0], [1.229e-05, 44196.0], [1.204e-05, 988.0], [1.188e-05, 2638.0], [1.185e-05, 1318.0], [1.176e-05, 2665.0], [1.162e-05, 1349.0], [1.161e-05, 1055.0], [1.132e-05, 227224.0], [1.13e-05, 3805.0], [1.129e-05, 1905.0], [1.127e-05, 3299.0], [1.124e-05, 5735.0], [1.121e-05, 5751.0], [1.12e-05, 9544.0], [1.118e-05, 3827.0], [1.114e-05, 7712.0], [1.113e-05, 1932.0], [1.112e-05, 1934.0], [1.11e-05, 11602.0], [1.104e-05, 11665.0], [1.079e-05, 29709.0], [1.069e-05, 20036.0], [1.051e-05, 36542.0], [1.002e-05, 4990.0], [1.001e-05, 20067.0], [9e-06, 4854.0], [6.7e-07, 264182.0], [6.6e-07, 17408.0], [5.3e-07, 21678.0], [5.2e-07, 200000.0], [9e-08, 655579.0], [8e-08, 243022.0], [2e-08, 2892164.0]], 'asks': [[1.259e-05, 700.0], [1.262e-05, 2000.0], [1.27e-05, 56361.0], [1.277e-05, 29849.0], [1.283e-05, 25455.0], [1.291e-05, 3673.0], [1.302e-05, 3642.0], [1.303e-05, 1819.0], [1.31e-05, 1809.0], [1.337e-05, 1772.0], [1.349e-05, 1648.0], [1.376e-05, 1723.0], [1.384e-05, 4106.0], [1.385e-05, 6172.0], [1.386e-05, 2049.0], [1.39e-05, 10257.0], [1.392e-05, 4092.0], [1.397e-05, 9890.0], [1.399e-05, 2043.0], [1.404e-05, 8120.0], [1.405e-05, 2026.0], [1.413e-05, 1720.0], [1.415e-05, 14098.0], [1.425e-05, 3331.0], [1.426e-05, 22014.0], [1.448e-05, 21723.0], [1.454e-05, 15723.0], [1.483e-05, 56079.0], [1.595e-05, 19697.0], [1.673e-05, 4195.0], [1.695e-05, 19676.0], [1.795e-05, 24140.0], [1.895e-05, 26718.0], [1.995e-05, 27011.0], [2.5e-05, 400.0], [5e-05, 250.0], [7.5e-05, 250.0], [8.221e-05, 3000.0], [8.5e-05, 500000.0], [9e-05, 500000.0], [9.777e-05, 7292.0], [0.0001, 6000.0], [0.0001449, 1000.0], [0.0001949, 1000.0], [0.0002, 216000.0], [0.0002449, 1183.0], [0.0002499, 34322.0], [1000000.0, 56250.0]], 'timestamp': 1711986991000, 'datetime': '2024-04-01T15:56:31.000Z', 'nonce': None}, 'VET/USDT': {'symbol': 'VET/USDT', 'bids': [[0.0431, 4146.6], [0.04286, 67024.8], [0.042812, 5316.7], [0.04271, 8927.9], [0.042616, 20220.3], [0.0422, 65361.1], [0.04211, 29785.1], [0.0421, 83230.0], [0.04161, 23747.1], [0.0411, 127882.7], [0.04083, 8506.4], [0.040607, 8591.4], [0.0402, 130745.8], [0.039965, 5290.2], [0.038, 105.2], [0.037347, 7459.5], [0.036, 277.7], [0.03501, 9432.6], [0.035, 24724.1], [0.03475, 5544.8], [0.03011, 10967.5], [0.03, 2333.4], [0.029072, 550000.0], [0.022, 31042.6], [0.020126, 900000.0], [0.02, 286626.1], [0.0175, 2141.1], [0.017, 10325.9], [0.0155, 168893.6], [0.015, 100041.7], [0.01411, 947.0], [0.01402, 1694.3], [0.013, 4615.3], [0.0111, 2708.6], [0.0108, 65000.0], [0.01, 10000.0], [0.0099, 4351.1], [0.006, 21538.3], [0.00515, 10000.0], [0.005, 9502.0], [0.00468, 261124.5], [0.003003, 47938.0], [0.0027, 29857.9], [0.00251, 64522.9], [0.002236, 1600000.0], [0.0021, 295266.3], [0.00203, 531361.2], [0.00202, 230220.1], [0.002, 200000.0], [0.00193, 132603.6], [0.001488, 250000.0], [0.0012, 8352.2], [0.0011, 15119.1], [0.00102, 334542.6], [0.001003, 191369.7], [0.000588, 300000.0], [0.00051, 119083.1], [0.000201, 537156.5], [1.3e-05, 200000.0], [5e-06, 570695.3], [2e-06, 1250000.0]], 'asks': [[0.043476, 6219.1], [0.043546, 10000.0], [0.043688, 7569.9], [0.04369, 240.1], [0.043721, 245.5], [0.045845, 8817.2], [0.046212, 17733.3], [0.046784, 29196.7], [0.046998, 18809.0], [0.047159, 11502.3], [0.047837, 25037.3], [0.047982, 7183.0], [0.048, 21.0], [0.049, 20.6], [0.049909, 12970.1], [0.05, 20.2], [0.0508, 10010.0], [0.051, 19.8], [0.052, 19.4], [0.053, 19.0], [0.0549, 13578.8], [0.055702, 4488.1], [0.059406, 15000.0], [0.0595, 13184.1], [0.059705, 8374.5], [0.06, 210000.0], [0.0645, 13776.3], [0.0695, 13776.2], [0.071, 11250.0], [0.075, 1350.0], [0.07999, 1000.0], [0.085, 50000.0], [0.09, 9197.0], [0.094962, 25.6], [0.095491, 5000.0], [0.09803, 10264.1], [0.107, 210.0], [0.11, 10000.0], [0.118, 10000.0], [0.1225, 20000.0], [0.128, 10000.0], [0.131, 20000.0], [0.135, 2579.4], [0.14, 38361.7], [0.1485, 1000.0], [0.15, 10000.0], [0.16, 50000.0], [0.161, 10000.0], [0.175, 20000.0], [0.18133, 581.5], [0.184452, 10130.9], [0.19, 289.5], [0.195, 85724.2], [0.19552, 1481.7], [0.19775, 2088.7], [0.199998, 500000.0], [0.2, 1106.3], [0.225, 20000.0], [0.23499, 1000.0], [0.24, 172409.4], [0.241111, 1654.3], [0.241506, 9989.0], [0.24181, 1000.0], [0.245, 12591.2], [0.25, 52154.1], [0.254659, 10131.0], [0.255555, 3000.0], [0.256188, 7806.7], [0.26, 1000.0], [0.26363, 13656.9], [0.275, 1000.0], [0.2822, 10000.0], [0.296224, 6292.5], [0.29989, 2000.0], [0.3, 100000.0], [0.33, 250000.0], [0.335, 40000.0], [0.35, 218440.2], [0.356378, 251646.6], [0.36, 298.2], [0.36363, 10242.7], [0.38, 22736.8], [0.39, 75000.0], [0.4, 252000.0], [0.4222, 10000.0], [0.43, 240000.0], [0.45, 222593.9], [0.46363, 10682.0], [0.48, 200000.0], [0.4848, 3000.0], [0.49, 150000.0], [0.49235, 13213.8], [0.5, 102488.9], [0.5026, 782.1], [0.51, 100000.0], [0.51658, 1407.0], [0.52, 112361.0], [0.53, 100000.0], [0.5305, 1036.3], [0.55, 3000.0], [0.56363, 10023.1], [0.568, 471.7], [0.59, 150000.0], [0.6, 2000.0], [0.62, 1282.0], [0.65, 3000.0], [0.68168, 756.9], [0.68214, 1503.7], [0.70795, 595.6], [0.74, 40000.0], [0.75, 3000.0], [0.76363, 10023.2], [0.8133, 436.1], [0.843, 2382.5], [0.85, 4111.3], [0.89, 782.2], [0.8981, 1211.7], [0.91, 217.1], [0.9106, 408.3], [0.95, 3000.0], [0.968, 50000.0], [0.972, 32122.3], [0.98, 15000.0], [0.99, 20000.0], [1.0, 63092.6], [1.08, 100000.0], [1.1, 2000.0], [1.113, 2500.3], [1.19, 25000.0], [1.48, 50000.0], [1.6, 48183.5], [1.97, 50000.0], [1.99, 0.9], [2.0, 34839.9], [2.14, 50000.0], [2.69, 189280.5], [3.369, 1084.9], [4.0, 30893.8], [5.0, 2124.4], [5.01, 1036.4], [7.07, 893.4], [8.0, 1308.4], [10.0, 2049.7], [11.0, 1023.3], [11.369, 833.5], [12.0, 1053.2], [19.0, 6652.2], [20.0, 1862.8], [25.405, 1800.3], [50.0, 651.5], [75.0, 1205.6], [77.0, 893.5], [85.0, 339.3], [100.0, 8781.2], [561.0, 471.7]], 'timestamp': 1711986991000, 'datetime': '2024-04-01T15:56:31.000Z', 'nonce': None}, 'VSYS/BTC': {'symbol': 'VSYS/BTC', 'bids': [[2.5e-08, 67599.9], [2.1e-08, 4809.5], [2e-08, 77000.1], [1.5e-08, 38866.9], [1.4e-08, 7857.1], [1.3e-08, 8461.5], [1.2e-08, 9166.6], [1e-08, 231025.7], [9e-09, 11224.4], [8e-09, 13750.0], [7e-09, 15714.2], [6e-09, 18333.3]], 'asks': [[3.1e-08, 18850.5], [3.2e-08, 10000.0], [3.3e-08, 5000.0], [3.5e-08, 23896.0], [4e-08, 22545.0], [4.1e-08, 5298.6], [4.5e-08, 22264.4], [5e-08, 22574.2], [5.5e-08, 11846.3], [5.7e-08, 1256.0], [5.9e-08, 5000.0], [6e-08, 11693.3], [6.4e-08, 1579.2], [6.5e-08, 13669.4], [6.6e-08, 2807.5], [7e-08, 1993.7], [7.5e-08, 1420.3], [1e-07, 5928.8], [1.1e-07, 11344.3], [1.5e-07, 2882.6], [2e-07, 2244.7], [2.1e-07, 1001.0], [2.2e-07, 1000.0], [3e-07, 1001.0], [3.5e-07, 1001.0], [3.75e-07, 1001.0], [4e-07, 1001.0], [4.3e-07, 1030.0], [4.35e-07, 249.1], [4.5e-07, 1030.0], [4.8e-07, 1030.0], [5e-07, 2001.0], [5.3e-07, 1001.0], [5.5e-07, 1001.0], [6e-07, 2001.0], [6.5e-07, 1001.0], [7e-07, 2001.0], [7.5e-07, 6001.0], [8e-07, 2001.0], [9e-07, 1000.0], [1e-06, 5000.0], [1.5e-06, 6751.0], [1.708e-06, 10742.4], [1.8e-06, 3964.9], [2e-06, 5947.4], [2.5e-06, 7474.4], [3.313e-06, 10742.5], [3.69e-06, 6188.9], [5e-06, 7520.4], [6e-06, 2500.0], [7e-06, 2500.0], [8e-06, 2500.0], [9e-06, 2500.0], [1e-05, 5000.0], [2e-05, 5000.0], [2.2222e-05, 1119.6], [2.642e-05, 77.3], [3.3333e-05, 2985.5], [5e-05, 1000.0], [0.00036963, 373.2]], 'timestamp': 1711986991000, 'datetime': '2024-04-01T15:56:31.000Z', 'nonce': None}, 'VTHO/BTC': {'symbol': 'VTHO/BTC', 'bids': [[5.83e-08, 27448.0], [5.71e-08, 111043.0], [5.31e-08, 1740327.0], [5.21e-08, 408231.0], [5.15e-08, 51600.0], [5.07e-08, 8496.0], [5.05e-08, 21320.0], [5.02e-08, 12893.0], [4.99e-08, 8656.0], [4.76e-08, 35955.0], [4.7e-08, 27374.0], [4.45e-08, 80911.0], [4.39e-08, 834782.0], [4.37e-08, 13162.0], [4.36e-08, 44022.0], [4.32e-08, 49521.0], [4.28e-08, 79652.0], [4.12e-08, 109798.0], [4.08e-08, 22503.0], [3.92e-08, 143406.0], [3.89e-08, 180558.0], [3.09e-08, 496849.0], [2.97e-08, 85475.0], [1e-08, 100000.0], [5e-09, 200000.0], [2.6e-09, 1923076.0], [1e-09, 2500000.0]], 'asks': [[6.03e-08, 2633.0], [6.48e-08, 547916.0], [6.49e-08, 429451.0], [6.5e-08, 5690.0], [6.51e-08, 5671.0], [6.53e-08, 11338.0], [6.6e-08, 28103.0], [6.61e-08, 5596.0], [6.74e-08, 66298.0], [6.75e-08, 215338.0], [6.76e-08, 10950.0], [6.9e-08, 48522.0], [6.93e-08, 16044.0], [7.28e-08, 182115.0], [7.57e-08, 19593.0], [7.58e-08, 17994.0], [7.67e-08, 182726.0], [8.35e-08, 260651.0], [1.15e-07, 446408.0], [1.198e-07, 7030.0], [1.298e-07, 10545.0], [1.333e-07, 2282.0], [1.437e-07, 5273.0], [1.5e-07, 15452.0], [1.57e-07, 5273.0], [1.58e-07, 875.0], [1.618e-07, 12737.0], [1.75e-07, 1000.0], [1.936e-07, 579.0], [2e-07, 108681.0], [2.169e-07, 127575.0], [2.188e-07, 50000.0], [2.25e-07, 1000.0], [2.433e-07, 100000.0], [2.5e-07, 167382.0], [2.51e-07, 19873.0], [2.75e-07, 1000.0], [3e-07, 256190.0], [3.3e-07, 224427.0], [3.5e-07, 35000.0], [3.535e-07, 50000.0], [3.579e-07, 202957.0], [3.585e-07, 48517.0], [3.9e-07, 140000.0], [3.995e-07, 25000.0], [4e-07, 25000.0], [4.01e-07, 60000.0], [4.104e-07, 500.0], [4.145e-07, 120000.0], [4.363e-07, 500.0], [4.495e-07, 25000.0], [4.5e-07, 2500.0], [4.551e-07, 500.0], [4.777e-07, 230.0], [4.827e-07, 664.0], [5e-07, 222333.0], [5.3e-07, 3771.0], [5.777e-07, 231.0], [6e-07, 100000.0], [6.5e-07, 2382.0], [7e-07, 100559.0], [7.239e-07, 335.0], [8e-07, 100000.0], [8.717e-07, 4012.0], [8.9e-07, 970.0], [9.48e-07, 526.0], [1e-06, 18865.0], [3.777e-06, 228.0], [5e-06, 194.0], [1e-05, 19.0], [4e-05, 4146.0], [0.0001, 10266.0], [0.0009000908, 3.0], [0.001, 1000.0], [0.01, 132.0]], 'timestamp': 1711986991000, 'datetime': '2024-04-01T15:56:31.000Z', 'nonce': None}, 'VTHO/OCE': {'symbol': 'VTHO/OCE', 'bids': [[7.6, 108739.0], [7.5547, 238.0], [7.5539, 1200.0], [7.5519, 1600.0], [6.5, 13413.0], [4.19, 11601.0], [4.1816, 211526.0], [4.1811, 23868.0], [4.0, 1000.0], [3.5001, 731487.0], [2.5, 256028.0], [2.42, 793477.0], [1.25, 1736.0], [1.1, 1974.0], [1.0, 11000.0], [0.8, 2093.0], [0.75, 10000.0], [0.7, 3190.0], [0.6, 4963.0], [0.5001, 10000.0], [0.5, 23822.0], [0.325, 500000.0], [0.125, 500000.0], [0.1, 129610.0], [0.05, 876482.0], [0.025, 782322.0], [0.01, 1100000.0], [0.001, 2000000.0]], 'asks': [[11.0, 629.0], [12.5, 268.0], [13.9, 1915.0], [13.99, 3573.0], [14.2, 12458.0], [15.0, 1000.0], [16.422, 269439.0], [17.5, 495.0], [17.58, 422.0], [17.587, 273.0], [17.588, 75.0], [17.6, 2000.0], [19.5, 210.0], [19.8, 5000.0], [19.85, 88.0], [20.0, 2500.0], [23.699, 91.0], [23.8, 7739.0], [23.83, 87.0], [24.889, 45.0], [25.0, 1000.0], [27.7, 9125.0], [27.8111, 340.0], [28.0, 8990.0], [30.0, 2500.0], [31.3, 5000.0], [31.5, 79.0], [31.54, 34.0], [31.5444, 32.0], [32.0, 1000.0], [33.0, 271.0], [35.0, 2500.0], [40.0, 2500.0], [45.0, 2000.0], [45.67, 33.0], [48.0, 10000.0], [50.0, 1000.0], [75.0, 1000.0], [100.0, 2500.0], [117.588, 1776.0], [158.0, 2500.0], [160.0, 10000.0], [500.0, 2500.0], [888.0, 79.0]], 'timestamp': 1711986991000, 'datetime': '2024-04-01T15:56:31.000Z', 'nonce': None}, 'VTHO/USDT': {'symbol': 'VTHO/USDT', 'bids': [[0.003976, 1173.0], [0.003936, 50000.0], [0.00386, 370028.0], [0.003858, 7855.0], [0.003772, 349937.0], [0.003743, 1014.0], [0.003401, 2802.0], [0.003329, 11720.0], [0.003317, 15778.0], [0.003282, 11895.0], [0.00327, 3421.0], [0.003257, 2759.0], [0.003256, 198755.0], [0.003249, 7219.0], [0.003232, 5878.0], [0.003203, 19781.0], [0.003184, 11911.0], [0.003155, 10260.0], [0.003141, 4987.0], [0.003137, 6416.0], [0.003087, 3467.0], [0.002923, 17510.0], [0.002901, 4244.0], [0.0029, 12482.0], [0.002844, 18556.0], [0.00133, 1750.0], [0.001201, 10253.0], [0.0012, 10845.0], [0.0009, 963384.0], [0.0001, 21340.0], [1.5e-05, 3832699.0], [1e-05, 385347.0], [2e-06, 2500000.0], [1e-06, 3500000.0]], 'asks': [[0.004231, 600000.0], [0.00424, 50396.0], [0.00425, 208088.0], [0.004299, 312133.0], [0.00432, 312133.0], [0.004326, 1491906.0], [0.004328, 2286331.0], [0.004338, 30956.0], [0.004347, 69650.0], [0.00449, 36875.0], [0.004503, 686.0], [0.00452, 425679.0], [0.004571, 672.0], [0.004616, 10719.0], [0.004623, 2147.0], [0.004629, 2471.0], [0.004647, 4619.0], [0.004698, 15469.0], [0.0047, 291107.0], [0.00471, 3673.0], [0.004728, 5492.0], [0.004799, 511.0], [0.0048, 500000.0], [0.0049, 500000.0], [0.004948, 66892.0], [0.004988, 30452.0], [0.005, 502150.0], [0.005249, 11953.0], [0.005283, 19005.0], [0.005399, 432.0], [0.005717, 441.0], [0.006, 120942.0], [0.006249, 100000.0], [0.00695, 100000.0], [0.007099, 100000.0], [0.007222, 10000.0], [0.008, 3875.0], [0.00822, 10000.0], [0.008462, 1473.0], [0.0092, 10000.0], [0.01, 122011.0], [0.011999, 11319.0], [0.012, 261646.0], [0.0122, 18522.0], [0.012999, 4637.0], [0.013, 90662.0], [0.0149, 5117.0], [0.01492, 16485.0], [0.017777, 477.0], [0.019777, 1059.0], [0.02, 10478.0], [0.0217, 64.0], [0.02222, 5953.0], [0.0246, 185.0], [0.025, 100053.0], [0.025437, 3457.0], [0.027777, 469.0], [0.0285, 78000.0], [0.029, 633337.0], [0.03, 2000.0], [0.0357, 5623.0], [0.037777, 231.0], [0.038, 612570.0], [0.04, 991.0], [0.0451, 2247.0], [0.05, 11165.0], [0.0586, 58500.0], [0.09, 21.0], [0.099, 761.0], [0.09999, 25.0], [0.1, 85347.0], [0.1001, 10.0], [0.122, 11066.0], [0.1941, 518.0], [0.19999, 25.0], [0.2, 2534.0], [0.28976, 10040.0], [0.29999, 25.0], [0.5, 241738.0], [0.59999, 25.0], [0.806163, 19592.0], [0.9698, 1402.0], [0.99, 113468.0], [0.99999, 25.0], [1.0, 248102.0], [1.9999, 25.0], [3.0, 10.0], [6.0, 1451.0], [10.0, 1568.0], [17.0, 89009.0], [20.0, 10.0], [30.0, 10.0], [61.0, 2162.0], [99.0, 10.0], [100.0, 11.0], [616.0, 2162.0], [999.0, 5.0], [9999.0, 5.0]], 'timestamp': 1711986991000, 'datetime': '2024-04-01T15:56:31.000Z', 'nonce': None}