Timestamp,OrderBook
1711986988,"{'1INCH/BTC': {'symbol': '1INCH/BTC', 'bids': [[8.36e-06, 100.0], [8.31e-06, 299.62939052], [8.1e-06, 246.91358024], [8.03e-06, 24844.48816936], [8.02e-06, 1315.62266028], [8e-06, 8451.94735885], [7.99e-06, 1000.0], [7.9e-06, 253.16455696], [7.78e-06, 134.4466781], [7.76e-06, 257.73195876], [7.51e-06, 66.57922769], [7.49e-06, 659.437], [7.45e-06, 600.0], [7.3e-06, 136.98630136], [7e-06, 271.5]], 'asks': [[8.54e-06, 981.96162326], [8.56e-06, 292.96851263], [8.58e-06, 10762.72228829], [8.59e-06, 1340.44032375], [8.63e-06, 144.42149879], [8.87e-06, 118.06691416], [9.02e-06, 813.00813008], [9.07e-06, 179.40437747], [9.17e-06, 389.20606601], [9.18e-06, 1100.0], [9.35e-06, 67.0], [9.48e-06, 841.39092445], [9.49e-06, 895.63277942], [9.57e-06, 267.40520981], [9.58e-06, 573.98571466]], 'timestamp': 1711986986835, 'datetime': '2024-04-01T15:56:26.835Z', 'nonce': None}, 'AAVE/BTC': {'symbol': 'AAVE/BTC', 'bids': [[0.00181517, 0.32412281], [0.00176517, 113.02097814], [0.00176516, 27.858], [0.00176508, 8.34532902], [0.00175918, 10.0], [0.00175672, 2.0], [0.00175, 0.3], [0.00173745, 6.20635146], [0.00173689, 1.15148339], [0.00173685, 0.16629753], [0.0017362, 38.997928], [0.00172751, 6.12781205], [0.00171899, 3.20751047], [0.0017, 0.3], [0.00168544, 0.29727395]], 'asks': [[0.00184703, 14.87927659], [0.00189999, 30.336], [0.0019, 0.3], [0.00193014, 0.87950748], [0.00193956, 4.92797225], [0.00195, 5.67333553], [0.00196574, 0.88105727], [0.00196737, 0.83518931], [0.001982, 0.39576657], [0.00199228, 0.7], [0.002, 0.27827582], [0.00202, 0.68301511], [0.00202626, 0.59795131], [0.00202984, 1.59826503], [0.00203727, 1.43576184]], 'timestamp': 1711986987520, 'datetime': '2024-04-01T15:56:27.520Z', 'nonce': None}, 'ACM/BTC': {'symbol': 'ACM/BTC', 'bids': [[3.739e-05, 900.27347191], [3.736e-05, 42.08724347], [3.735e-05, 70.03560726], [3.701e-05, 165.389], [3.7e-05, 327.94230639], [3.698e-05, 300.0], [3.691e-05, 100.0], [3.69e-05, 100.0], [3.638e-05, 100.0], [3.636e-05, 572.029], [3.622e-05, 15.0], [3.6e-05, 346.83180555], [3.526e-05, 15.0], [3.522e-05, 435.52685973], [3.5e-05, 28.57142857]], 'asks': [[3.824e-05, 306.220253], [3.825e-05, 166.0], [3.836e-05, 240.0], [3.841e-05, 2049.18908678], [3.842e-05, 2260.23909148], [3.845e-05, 133.56817541], [3.973e-05, 211.41976419], [3.975e-05, 289.72338054], [4.129e-05, 28.86585647], [4.275e-05, 110.0], [4.3e-05, 132.86303229], [4.324e-05, 42.26828706], [4.326e-05, 28.86585647], [4.33e-05, 327.9886611], [4.338e-05, 31.68695022]], 'timestamp': 1711986989700, 'datetime': '2024-04-01T15:56:29.700Z', 'nonce': None}, 'ACS/BTC': {'symbol': 'ACS/BTC', 'bids': [[5e-08, 34559770.70722181], [4e-08, 170084825.07980552], [3e-08, 123556006.44340992], [2e-08, 94032438.1452618], [1e-08, 116274226.31421441], [0.0, 0.0], [0.0, 0.0], [0.0, 0.0], [0.0, 0.0], [0.0, 0.0], [0.0, 0.0], [0.0, 0.0], [0.0, 0.0], [0.0, 0.0], [0.0, 0.0]], 'asks': [[6e-08, 180811342.73505965], [7e-08, 39092688.91786001], [8e-08, 37643544.75919943], [9e-08, 24585556.88085559], [1e-07, 25762655.02811627], [1.1e-07, 20594923.08964014], [1.2e-07, 39326434.26239764], [1.3e-07, 20352934.14195521], [1.4e-07, 19212200.90428383], [1.5e-07, 20294398.83499243], [1.6e-07, 36150702.3735042], [1.7e-07, 22820494.10838715], [1.8e-07, 34658961.36444433], [1.9e-07, 32039887.36783637], [2e-07, 51716186.02835836]], 'timestamp': 1711986958060, 'datetime': '2024-04-01T15:55:58.060Z', 'nonce': None}, 'ADA/BTC': {'symbol': 'ADA/BTC', 'bids': [[8.81e-06, 325.38517496], [8.8e-06, 22951.69271139], [8.79e-06, 3462.63], [8.77e-06, 299.35977424], [8.75e-06, 57.59885714], [8.71e-06, 114.81056257], [8.7e-06, 6390.85057471], [8.66e-06, 1154.73441108], [8.64e-06, 115.74074074], [8.59e-06, 116.41443539], [8.56e-06, 58.41238317], [8.54e-06, 7918.82068487], [8.5e-06, 159.29294117], [8.46e-06, 118.20330969], [8.44e-06, 300.0]], 'asks': [[9.19e-06, 4886.17551866], [9.25e-06, 2782.31687074], [9.32e-06, 53.64806867], [9.37e-06, 701.31598894], [9.4e-06, 1010.1010101], [9.41e-06, 59.19261441], [9.44e-06, 53.27335297], [9.46e-06, 160.87516088], [9.47e-06, 53.57424829], [9.52e-06, 252.58879109], [9.62e-06, 161.09977446], [9.66e-06, 161.25564395], [9.68e-06, 417.6819], [9.73e-06, 1212.59688937], [9.78e-06, 500.0]], 'timestamp': 1711986981300, 'datetime': '2024-04-01T15:56:21.300Z', 'nonce': None}, 'AERGO/BTC': {'symbol': 'AERGO/BTC', 'bids': [[2.47e-06, 3364.97718943], [2.46e-06, 81098.06504065], [2.45e-06, 18692.503], [2.4e-06, 8333.33333333], [2.37e-06, 8030.90897671], [2.34e-06, 36630.91877734], [2.3e-06, 6022.16518116], [2.29e-06, 4000.0], [2.2e-06, 5271.09818181], [2.13e-06, 344.16572769], [2.12e-06, 512.0], [2.1e-06, 9523.8095238], [2.04e-06, 245.10294117], [1.88e-06, 271.27659574], [1.85e-06, 275.67567567]], 'asks': [[2.58e-06, 38023.26320243], [2.61e-06, 709.55534532], [2.62e-06, 17519.79862386], [2.65e-06, 2612.67605638], [2.7e-06, 713.94574012], [2.78e-06, 27400.0], [3.07e-06, 200.0], [3.19e-06, 2107.29756756], [3.25e-06, 4592.26382754], [3.29e-06, 510.0], [3.3e-06, 13168.61310791], [3.32e-06, 1301.882], [3.4e-06, 147.1], [3.42e-06, 282.0], [3.5e-06, 150.0]], 'timestamp': 1711986985140, 'datetime': '2024-04-01T15:56:25.140Z', 'nonce': None}, 'AFC/BTC': {'symbol': 'AFC/BTC', 'bids': [[2.407e-05, 22.96832156], [2.367e-05, 29.66053392], [2.358e-05, 400.0], [2.357e-05, 450.0], [2.355e-05, 250.0], [2.352e-05, 400.0], [2.35e-05, 304.1374468], [2.348e-05, 424.41171347], [2.345e-05, 341.15138592], [2.315e-05, 27.0], [2.313e-05, 47.51794206], [2.304e-05, 308.66237184], [2.303e-05, 2484.65072663], [2.302e-05, 332.73110338], [2.301e-05, 2499.27574967]], 'asks': [[2.44e-05, 5478.27044996], [2.442e-05, 95.21616918], [2.451e-05, 341.70866113], [2.468e-05, 1102.06310199], [2.469e-05, 2790.90721174], [2.47e-05, 17637.85783329], [2.534e-05, 2685.08768695], [2.535e-05, 491.42495695], [2.546e-05, 83.09687703], [2.549e-05, 298.49862379], [2.581e-05, 223.87396784], [2.588e-05, 111.18472124], [2.6e-05, 26.08695652], [2.612e-05, 100.0], [2.619e-05, 175.79581545]], 'timestamp': 1711986989060, 'datetime': '2024-04-01T15:56:29.060Z', 'nonce': None}, 'AGLD/BTC': {'symbol': 'AGLD/BTC', 'bids': [[2.375e-05, 19.31076948], [2.371e-05, 841.75084175], [2.365e-05, 582.292], [2.363e-05, 1471.131], [2.36e-05, 1166.01588243], [2.359e-05, 1594.22267474], [2.352e-05, 1006.82552052], [2.35e-05, 385.30798611], [2.321e-05, 2200.0], [2.32e-05, 9152.30054291], [2.316e-05, 2495.922], [2.3e-05, 30.0], [2.295e-05, 60.0], [2.294e-05, 511.44385093], [2.288e-05, 75.85598776]], 'asks': [[2.398e-05, 523.17538126], [2.402e-05, 1466.05865726], [2.409e-05, 1059.701398], [2.411e-05, 2222.0], [2.412e-05, 1547.49382861], [2.421e-05, 1302.50783428], [2.428e-05, 1400.0], [2.429e-05, 4091.53789507], [2.43e-05, 1138.43351548], [2.434e-05, 2883.52824662], [2.435e-05, 60.0], [2.443e-05, 154.0], [2.45e-05, 134.05257679], [2.456e-05, 1276.49837134], [2.462e-05, 376.25]], 'timestamp': 1711986989000, 'datetime': '2024-04-01T15:56:29.000Z', 'nonce': None}, 'AHT/BTC': {'symbol': 'AHT/BTC', 'bids': [[1.3e-07, 538853.6502228], [1.2e-07, 1836726.98894929], [1.1e-07, 268227.51818181], [1e-07, 510944.85], [9e-08, 426989.53934606], [8e-08, 15670.19950124], [6e-08, 109920.04166666], [5e-08, 162947.09654435], [4e-08, 656972.52418952], [3e-08, 148631.63050705], [2e-08, 697778.05486284], [1e-08, 3200000.0], [0.0, 0.0], [0.0, 0.0], [0.0, 0.0]], 'asks': [[1.4e-07, 1382013.41997029], [1.5e-07, 159572.14656899], [1.6e-07, 98848.84849257], [1.7e-07, 227610.7365994], [1.8e-07, 302288.31288163], [1.9e-07, 579031.30749893], [2e-07, 483007.67763116], [2.1e-07, 444905.96812813], [2.2e-07, 373414.47504718], [2.3e-07, 275716.54794736], [2.4e-07, 54747.38330495], [2.5e-07, 87729.79457189], [2.6e-07, 22246.06838555], [2.7e-07, 21891.7520257], [2.8e-07, 258934.05241569]], 'timestamp': 1711982386209, 'datetime': '2024-04-01T14:39:46.209Z', 'nonce': None}, 'ALGO/BTC': {'symbol': 'ALGO/BTC', 'bids': [[3.62e-06, 19.09517753], [3.59e-06, 142.06128133], [3.58e-06, 1000.0], [3.57e-06, 55882.70028011], [3.56e-06, 23735.59], [3.55e-06, 5000.0], [3.54e-06, 364.29830508], [3.53e-06, 1000.0], [3.51e-06, 854.7008547], [3.5e-06, 4962.89285714], [3.49e-06, 146.13180515], [3.48e-06, 287.35632183], [3.45e-06, 10711.60258479], [3.43e-06, 6297.37609328], [3.42e-06, 19528.00041868]], 'asks': [[3.73e-06, 57042.76596076], [3.76e-06, 162.21567317], [3.77e-06, 426.13636364], [3.78e-06, 424.92917847], [3.85e-06, 3904.02076589], [3.89e-06, 284.49502134], [3.93e-06, 364.0], [3.99e-06, 1080.90933948], [4.11e-06, 280.64464681], [4.12e-06, 3635.99548299], [4.13e-06, 297.81982481], [4.15e-06, 613.09706421], [4.2e-06, 1000.0], [4.38e-06, 6145.86080584], [4.46e-06, 1000.0]], 'timestamp': 1711986821700, 'datetime': '2024-04-01T15:53:41.700Z', 'nonce': None}, 'ALT/BTC': {'symbol': 'ALT/BTC', 'bids': [[8.06e-06, 3491.25], [8.05e-06, 3363.45809416], [8.04e-06, 3267.04866915], [8.02e-06, 383.56492106], [8.01e-06, 6256.20819867], [8e-06, 12862.1814684], [7.99e-06, 641.98699432], [7.98e-06, 600.0], [7.97e-06, 1735.03005347], [7.96e-06, 1409.01381909], [7.95e-06, 459.8163522], [7.91e-06, 1935.98988621], [7.9e-06, 1441.55190564], [7.89e-06, 2185.50760456], [7.88e-06, 200.0]], 'asks': [[8.12e-06, 454.79910912], [8.16e-06, 860.56733657], [8.17e-06, 12648.37296951], [8.18e-06, 5236.0], [8.22e-06, 86.09794871], [8.28e-06, 4907.11052758], [8.41e-06, 796.72755304], [8.54e-06, 664.54835782], [8.59e-06, 76.65751789], [8.6e-06, 3592.06700537], [8.74e-06, 75.06967012], [8.77e-06, 154.00930668], [8.84e-06, 12380.64126277], [8.85e-06, 3269.84861545], [8.89e-06, 562.42969629]], 'timestamp': 1711986989776, 'datetime': '2024-04-01T15:56:29.776Z', 'nonce': None}, 'ANKR/BTC': {'symbol': 'ANKR/BTC', 'bids': [[9.2e-07, 309384.18986635], [9.1e-07, 179949.55617671], [8.9e-07, 9935.84315362], [8.7e-07, 103053.21012652], [8.5e-07, 40602.95476906], [8.4e-07, 43269.30293314], [8.3e-07, 4781.41686747], [7.9e-07, 7000.0], [7.5e-07, 800.0], [7.4e-07, 5791.99864864], [7.1e-07, 704.23943661], [7e-07, 750.0], [6.9e-07, 7258.88178105], [6.8e-07, 1000.0], [6.5e-07, 100000.0]], 'asks': [[9.4e-07, 175861.91790849], [9.9e-07, 26705.1857316], [1e-06, 11012.16666408], [1.01e-06, 4731.11543676], [1.02e-06, 159417.77635129], [1.05e-06, 657.14285715], [1.1e-06, 25968.92923885], [1.15e-06, 600.0], [1.2e-06, 16025.0], [1.24e-06, 920.12684873], [1.25e-06, 600.0], [1.27e-06, 2500.0], [1.29e-06, 4000.0], [1.3e-06, 7405.83609072], [1.35e-06, 600.0]], 'timestamp': 1711986983820, 'datetime': '2024-04-01T15:56:23.820Z', 'nonce': None}, 'APE/BTC': {'symbol': 'APE/BTC', 'bids': [[2.702e-05, 871.1615958], [2.701e-05, 371.5354339], [2.697e-05, 176.42677048], [2.695e-05, 210.87445251], [2.694e-05, 390.538], [2.693e-05, 55.90887245], [2.692e-05, 147.27811631], [2.688e-05, 147.44913005], [2.685e-05, 274.263], [2.683e-05, 1134.5803313], [2.677e-05, 1408.69743424], [2.653e-05, 359.09134062], [2.652e-05, 533.77717094], [2.65e-05, 508.28344232], [2.642e-05, 380.0]], 'asks': [[2.727e-05, 71.4077055], [2.728e-05, 147.4246752], [2.731e-05, 754.98207166], [2.732e-05, 147.61509364], [2.734e-05, 1220.29147296], [2.745e-05, 1236.64110656], [2.747e-05, 700.0], [2.751e-05, 139.31482526], [2.758e-05, 534.06], [2.983e-05, 104.58538967], [2.989e-05, 462.36353059], [2.99e-05, 462.36353058], [2.991e-05, 276.07228655], [2.992e-05, 913.63926606], [2.993e-05, 134.0243413]], 'timestamp': 1711986990030, 'datetime': '2024-04-01T15:56:30.030Z', 'nonce': None}, 'API3/BTC': {'symbol': 'API3/BTC', 'bids': [[4.933e-05, 44.59760794], [4.93e-05, 10.1360227], [4.924e-05, 20.38202625], [4.923e-05, 50.0], [4.915e-05, 59.79415652], [4.908e-05, 10.18765281], [4.906e-05, 202.0], [4.905e-05, 700.0], [4.897e-05, 800.0], [4.895e-05, 1039.31591571], [4.894e-05, 10.21679607], [4.892e-05, 493.77101851], [4.891e-05, 109.8149426], [4.878e-05, 10.2503075], [4.872e-05, 1210.26293103]], 'asks': [[4.982e-05, 1870.40077556], [5.014e-05, 384.9776], [5.015e-05, 555.0], [5.016e-05, 1049.26349093], [5.018e-05, 251.21], [5.178e-05, 447.52183613], [5.18e-05, 400.0], [5.2e-05, 518.40147971], [5.339e-05, 55.76962961], [5.35e-05, 350.0], [5.37e-05, 16.59663117], [5.461e-05, 18.31166454], [5.5e-05, 30.94872219], [5.519e-05, 543.97460893], [5.55e-05, 9.18918919]], 'timestamp': 1711986990180, 'datetime': '2024-04-01T15:56:30.180Z', 'nonce': None}, 'APT/BTC': {'symbol': 'APT/BTC', 'bids': [[0.00025385, 33.53], [0.00025384, 12.73074471], [0.00025382, 217.18545734], [0.0002502, 127.897682], [0.00024616, 277.31666179], [0.00024353, 59.87932878], [0.00024114, 51.50530571], [0.00024095, 43.58141252], [0.00024, 75.52132169], [0.00023966, 8.68496588], [0.00023498, 57.55902457], [0.00023484, 10.0], [0.00023372, 7.13019799], [0.00023357, 6.3359177], [0.00023193, 22.7489113]], 'asks': [[0.00025735, 295.51922134], [0.00025758, 225.66976959], [0.00025792, 200.0], [0.00025793, 201.74295226], [0.000258, 4.2943896], [0.00025965, 9.27920148], [0.00025989, 2.97274979], [0.0002649, 60.00000037], [0.00026556, 6.45438899], [0.0002674, 40.48006123], [0.00027082, 8.39395635], [0.00027205, 2.77236759], [0.00027226, 5.60538117], [0.00027329, 8.36586726], [0.0002742, 9.41433421]], 'timestamp': 1711986990460, 'datetime': '2024-04-01T15:56:30.460Z', 'nonce': None}, 'AQT/BTC': {'symbol': 'AQT/BTC', 'bids': [[2.435e-05, 29.38661191], [2.434e-05, 433.30621679], [2.425e-05, 30.0], [2.407e-05, 1054.45425261], [2.406e-05, 200.0], [2.351e-05, 21.26797107], [2.329e-05, 21.89781021], [2.323e-05, 2884.08777086], [2.308e-05, 454.9298891], [2.259e-05, 1533.63193699], [2.2e-05, 136.36363635], [2.194e-05, 30.25250683], [2.187e-05, 22.86282578], [2.175e-05, 1953.125], [2.13e-05, 76.2433701]], 'asks': [[2.547e-05, 3407.90353479], [2.596e-05, 228.13688217], [2.614e-05, 66.43046944], [2.651e-05, 133.15579226], [2.713e-05, 1306.38582222], [2.714e-05, 50.79351901], [2.78e-05, 200.38153866], [2.799e-05, 443.96998441], [2.828e-05, 99.61846134], [2.856e-05, 19.88095238], [2.99e-05, 40.0], [3.125e-05, 388.06831362], [3.251e-05, 52.031], [3.3e-05, 909.0909091], [3.334e-05, 149.25458014]], 'timestamp': 1711986425701, 'datetime': '2024-04-01T15:47:05.701Z', 'nonce': None}, 'ARB/BTC': {'symbol': 'ARB/BTC', 'bids': [[2.265e-05, 196.05430214], [2.256e-05, 44.32624113], [2.253e-05, 100.0], [2.245e-05, 8886.46948775], [2.244e-05, 1062.20977378], [2.243e-05, 44.58314757], [2.242e-05, 119.50465363], [2.241e-05, 2152.43788214], [2.224e-05, 50.0], [2.219e-05, 168.11581793], [2.211e-05, 27.13704206], [2.2e-05, 45.45454545], [2.174e-05, 3118.22878012], [2.173e-05, 75.27846295], [2.167e-05, 668.19188145]], 'asks': [[2.309e-05, 1030.79180659], [2.31e-05, 2884.996], [2.311e-05, 35.04800326], [2.337e-05, 20.50182608], [2.357e-05, 288.46153863], [2.365e-05, 63.61323155], [2.39e-05, 5656.50111134], [2.409e-05, 63.53240152], [2.421e-05, 56.5184627], [2.432e-05, 42.5170068], [2.48e-05, 2621.80080186], [2.537e-05, 235.47049378], [2.558e-05, 21.91086786], [2.573e-05, 97.85885501], [2.576e-05, 989.33315431]], 'timestamp': 1711986990461, 'datetime': '2024-04-01T15:56:30.461Z', 'nonce': None}, 'ARDR/BTC': {'symbol': 'ARDR/BTC', 'bids': [[1.81e-06, 500.0], [1.8e-06, 111334.02222222], [1.79e-06, 22103.59], [1.78e-06, 500.0], [1.77e-06, 500.0], [1.76e-06, 500.0], [1.75e-06, 500.0], [1.74e-06, 500.0], [1.73e-06, 500.0], [1.72e-06, 10720.79684509], [1.71e-06, 500.0], [1.7e-06, 500.0], [1.69e-06, 500.0], [1.68e-06, 500.0], [1.67e-06, 3500.0]], 'asks': [[1.82e-06, 578.33649276], [1.89e-06, 47324.08389347], [2e-06, 30000.0], [2.01e-06, 2000.0], [2.11e-06, 732.60463299], [2.4e-06, 12500.0], [2.45e-06, 20445.46257521], [2.5e-06, 2000.0], [2.68e-06, 414.93775933], [2.8e-06, 2766.74642857], [3e-06, 576.63648803], [3.01e-06, 1000.0], [3.1e-06, 2766.74642857], [3.31e-06, 200.0], [3.41e-06, 200.0]], 'timestamp': 1711986362000, 'datetime': '2024-04-01T15:46:02.000Z', 'nonce': None}, 'ARK/BTC': {'symbol': 'ARK/BTC', 'bids': [[1.436e-05, 1553.25921468], [1.422e-05, 5865.341], [1.409e-05, 68.72427253], [1.4e-05, 178.70699942], [1.381e-05, 1422.88684318], [1.363e-05, 4971.68765926], [1.356e-05, 773.92008633], [1.353e-05, 500.0], [1.351e-05, 156.51755274], [1.326e-05, 200.0], [1.317e-05, 70.0], [1.274e-05, 304.27105619], [1.27e-05, 51.0], [1.228e-05, 1029.0], [1.213e-05, 405.7522671]], 'asks': [[1.456e-05, 2981.87973784], [1.46e-05, 4410.19284741], [1.474e-05, 529.15269358], [1.475e-05, 42.66833337], [1.508e-05, 110.13215859], [1.53e-05, 429.13021874], [1.541e-05, 110.13215859], [1.543e-05, 73.63770249], [1.574e-05, 131.40604468], [1.618e-05, 100.0], [1.623e-05, 700.0], [1.676e-05, 102.47608791], [1.695e-05, 100.0], [1.699e-05, 100.0], [1.729e-05, 2825.78304239]], 'timestamp': 1711986987396, 'datetime': '2024-04-01T15:56:27.396Z', 'nonce': None}, 'ARPA/BTC': {'symbol': 'ARPA/BTC', 'bids': [[1.31e-06, 46162.98619973], [1.3e-06, 124687.70661831], [1.29e-06, 9271.65999729], [1.28e-06, 63351.66960985], [1.27e-06, 9760.61811023], [1.26e-06, 16956.16269841], [1.25e-06, 15000.0], [1.24e-06, 25926.52573404], [1.23e-06, 267055.72252295], [1.22e-06, 33000.0], [1.21e-06, 500.0], [1.2e-06, 17000.0], [1.19e-06, 2962.84498836], [1.18e-06, 31697.82812302], [1.17e-06, 5000.0]], 'asks': [[1.33e-06, 16278.41641355], [1.34e-06, 419326.31208226], [1.35e-06, 52080.0], [1.36e-06, 9963.76792676], [1.38e-06, 3000.0], [1.39e-06, 658.79685129], [1.4e-06, 7977.85969857], [1.42e-06, 3000.0], [1.43e-06, 2985.29934157], [1.44e-06, 29165.76251265], [1.45e-06, 39149.47800288], [1.46e-06, 3000.0], [1.48e-06, 3068.67808219], [1.49e-06, 41595.91747495], [1.5e-06, 12308.87208173]], 'timestamp': 1711986987520, 'datetime': '2024-04-01T15:56:27.520Z', 'nonce': None}, 'ASTR/BTC': {'symbol': 'ASTR/BTC', 'bids': [[1.9e-06, 18.01], [1.89e-06, 157182.93522514], [1.88e-06, 18073.20877238], [1.86e-06, 204768.59250806], [1.85e-06, 1503.6085462], [1.84e-06, 2271.74456521], [1.82e-06, 7894.21623931], [1.81e-06, 14259.26610844], [1.8e-06, 2123.21388888], [1.79e-06, 49617.3888811], [1.78e-06, 9062.52628043], [1.76e-06, 20670.61636777], [1.75e-06, 1200.0], [1.72e-06, 2000.0], [1.71e-06, 1200.0]], 'asks': [[1.92e-06, 14438.60635751], [1.93e-06, 12861.926], [1.94e-06, 868.78079806], [2e-06, 1502.63045], [2.02e-06, 2610.43214695], [2.04e-06, 2202.86094966], [2.05e-06, 500.75112669], [2.07e-06, 1506.40230434], [2.12e-06, 3000.0], [2.23e-06, 580.5209774], [2.3e-06, 300.0], [2.34e-06, 3000.0], [2.4e-06, 2240.0], [2.41e-06, 2148.41696383], [2.47e-06, 7977.54916868]], 'timestamp': 1711986987676, 'datetime': '2024-04-01T15:56:27.676Z', 'nonce': None}, 'ATM/BTC': {'symbol': 'ATM/BTC', 'bids': [[4.651e-05, 383.1401849], [4.649e-05, 11.98937406], [4.533e-05, 11.03044341], [4.53e-05, 40.0], [4.494e-05, 259.44736602], [4.493e-05, 400.0], [4.481e-05, 480.0], [4.48e-05, 456.434], [4.455e-05, 11.22356902], [4.438e-05, 225.32672374], [4.393e-05, 15.0], [4.353e-05, 39.09648518], [4.284e-05, 124.63249299], [4.25e-05, 300.0], [4.224e-05, 11.83735795]], 'asks': [[4.763e-05, 280.0], [4.764e-05, 238.8727], [4.766e-05, 333.0], [4.77e-05, 170.0], [4.792e-05, 23.72594867], [4.884e-05, 1705.37765417], [4.886e-05, 2.3311054], [4.996e-05, 98.27890888], [5.066e-05, 10.0], [5.069e-05, 30.0], [5.07e-05, 142.20204667], [5.073e-05, 45.87534155], [5.1e-05, 39.14087214], [5.109e-05, 173.84188581], [5.116e-05, 10.0]], 'timestamp': 1711986989636, 'datetime': '2024-04-01T15:56:29.636Z', 'nonce': None}, 'ATOM/BTC': {'symbol': 'ATOM/BTC', 'bids': [[0.0001675, 3.00889552], [0.00016619, 10.0], [0.00016612, 23.77014169], [0.00016611, 1201.01884293], [0.0001661, 275.956], [0.00016607, 10.0], [0.000166, 33.03608433], [0.00016589, 30.0], [0.00016577, 56.74474573], [0.00016509, 15.07236887], [0.000165, 3.05448484], [0.00016486, 10.0], [0.00016476, 60.0], [0.00016475, 275.73748481], [0.00016472, 500.0]], 'asks': [[0.0001696, 249.6345991], [0.00017782, 381.743], [0.00017783, 67.9585956], [0.00017791, 30.19160442], [0.00017884, 400.0], [0.00017885, 8.65551068], [0.000184, 10.92447685], [0.0001841, 87.44721579], [0.00018428, 2.85954639], [0.00018512, 65.58541184], [0.00018603, 98.37811777], [0.00019051, 14.07017314], [0.0001914, 0.00932566], [0.00019214, 80.0], [0.0002, 3.0]], 'timestamp': 1711986987091, 'datetime': '2024-04-01T15:56:27.091Z', 'nonce': None}, 'AUCTION/BTC': {'symbol': 'AUCTION/BTC', 'bids': [[0.00036301, 69.49339688], [0.000363, 10.92120351], [0.00036272, 40.0], [0.00036271, 50.864], [0.00036266, 50.0], [0.00036245, 10.94017094], [0.00036165, 55.9], [0.00036082, 94.95760329], [0.00036072, 54.63112663], [0.00036031, 16.33709261], [0.00035977, 18.81286933], [0.00035957, 91.36699295], [0.00035876, 2.94105298], [0.0003586, 3.85815672], [0.000358, 10.0]], 'asks': [[0.00036795, 10.94017094], [0.0003685, 10.92120351], [0.00036972, 401.95821363], [0.0003699, 27.3], [0.00036993, 54.6], [0.00037004, 90.1818784], [0.000371, 19.67], [0.00038802, 2.37666684], [0.00038859, 2.13900016], [0.0003886, 8.80246979], [0.00038971, 553.92943947], [0.00038976, 45.14586319], [0.00038977, 10.79794201], [0.00038999, 10.0], [0.00039441, 193.08979223]], 'timestamp': 1711986990335, 'datetime': '2024-04-01T15:56:30.335Z', 'nonce': None}, 'AUDIO/BTC': {'symbol': 'AUDIO/BTC', 'bids': [[4.06e-06, 346.54127764], [4.05e-06, 14294.13618941], [4.04e-06, 12680.85820773], [4.03e-06, 5326.66138709], [4.02e-06, 7432.50117647], [4.01e-06, 537.15710723], [4e-06, 2925.0], [3.99e-06, 559.4887218], [3.98e-06, 1000.0], [3.96e-06, 723.18194412], [3.95e-06, 14899.641], [3.91e-06, 800.19923273], [3.9e-06, 300.0], [3.89e-06, 1886.69820051], [3.88e-06, 165.25773195]], 'asks': [[4.11e-06, 2645.73820111], [4.12e-06, 23628.80148121], [4.13e-06, 12662.90956947], [4.14e-06, 7007.73834972], [4.15e-06, 300.0], [4.2e-06, 300.0], [4.25e-06, 300.0], [4.3e-06, 300.0], [4.34e-06, 434.60999069], [4.35e-06, 300.0], [4.39e-06, 2403.84615384], [4.4e-06, 425.0], [4.45e-06, 300.0], [4.47e-06, 3883.46956299], [4.5e-06, 300.0]], 'timestamp': 1711986989915, 'datetime': '2024-04-01T15:56:29.915Z', 'nonce': None}, 'AVAX/BTC': {'symbol': 'AVAX/BTC', 'bids': [[0.00074771, 2.01445003], [0.00074144, 1.59944872], [0.00073808, 263.54193648], [0.00073807, 95.02919071], [0.00073805, 29.808279], [0.00073798, 0.13994165], [0.00073705, 3.43050636], [0.00073701, 5.20402029], [0.00073547, 0.71786758], [0.00073517, 20.0], [0.000735, 20.0], [0.00073434, 1.36176702], [0.0007316, 3.87429458], [0.00073002, 11.36982548], [0.000727, 9.38766519]], 'asks': [[0.00075364, 99.62534366], [0.00075456, 14.085], [0.0007662, 126.435], [0.00076621, 2.6581971], [0.00077388, 0.92452599], [0.00077931, 24.3111832], [0.00079011, 2.7], [0.00079623, 202.52471061], [0.00079624, 2.11625282], [0.00079672, 2.09878271], [0.00079746, 0.91571586], [0.00080791, 7.28494703], [0.00081722, 4.43087478], [0.00082773, 2.0], [0.00082813, 6.44512928]], 'timestamp': 1711986990476, 'datetime': '2024-04-01T15:56:30.476Z', 'nonce': None}, 'AXL/BTC': {'symbol': 'AXL/BTC', 'bids': [[2.892e-05, 20000.0], [2.891e-05, 2400.06620846], [2.889e-05, 315.25133168], [2.884e-05, 919.37631649], [2.877e-05, 111.11759612], [2.876e-05, 165.49600139], [2.875e-05, 2510.2961739], [2.871e-05, 2334.08216035], [2.869e-05, 673.10582588], [2.868e-05, 261.31101813], [2.867e-05, 8536.37120922], [2.866e-05, 1745.03169849], [2.865e-05, 1596.34439206], [2.863e-05, 336.439], [2.862e-05, 35.00401816]], 'asks': [[2.893e-05, 116.29984848], [2.894e-05, 300.5304748], [2.915e-05, 694.0], [2.918e-05, 750.0], [2.919e-05, 831.31593709], [2.925e-05, 177.13055748], [2.967e-05, 46.99999999], [2.972e-05, 859.59007643], [2.984e-05, 60.0], [2.999e-05, 43.89680969], [3.007e-05, 500.0], [3.008e-05, 2534.21648545], [3.017e-05, 1921.93236993], [3.025e-05, 3406.15429728], [3.03e-05, 891.10343078]], 'timestamp': 1711986990475, 'datetime': '2024-04-01T15:56:30.475Z', 'nonce': None}, 'AXS/BTC': {'symbol': 'AXS/BTC', 'bids': [[0.0001451, 1374.92239834], [0.00014509, 199.072], [0.000145, 3.51724137], [0.00014488, 3.45120099], [0.00014374, 69.74398219], [0.00014173, 136.01219109], [0.00014012, 475.47229954], [0.00014002, 55.54829655], [0.00014001, 500.0], [0.00014, 7.14285714], [0.0001399, 71.4796283], [0.00013939, 16.0], [0.00013917, 88.40257733], [0.00013898, 17.04595985], [0.0001385, 7.23]], 'asks': [[0.0001512, 442.92178586], [0.00015475, 10.56338028], [0.00015653, 47.28132396], [0.00015783, 10.55594653], [0.00015907, 17.54698484], [0.00015991, 10.60820368], [0.00016305, 210.61394279], [0.00016306, 30.0], [0.0001667, 4.0], [0.00016795, 15.5], [0.00017241, 103.4], [0.00017586, 15.5], [0.00017961, 3.5], [0.00019, 170.0294309], [0.00019089, 10.0]], 'timestamp': 1711986989915, 'datetime': '2024-04-01T15:56:29.915Z', 'nonce': None}, 'BAR/BTC': {'symbol': 'BAR/BTC', 'bids': [[5.113e-05, 658.34590475], [5.112e-05, 309.10570058], [5.096e-05, 280.0], [5.095e-05, 239.65857352], [5.068e-05, 401.966], [5.063e-05, 78.74], [5.062e-05, 11.02580008], [5.047e-05, 204.23528036], [5.008e-05, 66.02582999], [4.997e-05, 400.0750575], [4.996e-05, 246.81655124], [4.972e-05, 299.79808978], [4.969e-05, 421.453], [4.936e-05, 202.59319286], [4.821e-05, 110.74996888]], 'asks': [[5.172e-05, 661.83984252], [5.174e-05, 712.14563741], [5.238e-05, 170.0], [5.254e-05, 14.10703283], [5.336e-05, 120.0], [5.337e-05, 357.87021899], [5.37e-05, 1499.21110678], [5.371e-05, 49.01557278], [5.38e-05, 33.87853894], [5.503e-05, 25.0], [5.504e-05, 23.97047751], [5.508e-05, 61.44650047], [5.52e-05, 923.24988039], [5.547e-05, 34.56365651], [5.566e-05, 358.85903603]], 'timestamp': 1711986989750, 'datetime': '2024-04-01T15:56:29.750Z', 'nonce': None}, 'BAT/BTC': {'symbol': 'BAT/BTC', 'bids': [[4.49e-06, 132.08374165], [4.48e-06, 235.83928572], [4.47e-06, 44631.14988814], [4.46e-06, 6812.28], [4.37e-06, 312.15553792], [4.36e-06, 481.89727417], [4.3e-06, 15688.75306911], [4.28e-06, 2465.37548228], [4.27e-06, 140.6], [4.25e-06, 495.52120902], [4.21e-06, 4954.76212096], [4.08e-06, 1000.0], [4.05e-06, 493.82716049], [4.02e-06, 126.86567164], [4.01e-06, 499.15835411]], 'asks': [[4.6e-06, 10638.88070462], [4.81e-06, 1333.33333337], [4.82e-06, 158.83988354], [4.84e-06, 322.58064516], [4.87e-06, 240.09603842], [4.91e-06, 361.01083032], [5e-06, 8000.0], [5.01e-06, 250.0], [5.07e-06, 1440.21349432], [5.09e-06, 1000.0], [5.12e-06, 837.06255336], [5.25e-06, 250.0], [5.3e-06, 1555.12328622], [5.4e-06, 1166.34246466], [5.46e-06, 400.0]], 'timestamp': 1711986981350, 'datetime': '2024-04-01T15:56:21.350Z', 'nonce': None}, 'BCH/BTC': {'symbol': 'BCH/BTC', 'bids': [[0.00919837, 9.2267247], [0.00919639, 21.6934297], [0.00919361, 3.25618996], [0.00919358, 2.92033999], [0.00919357, 0.54385837], [0.00914598, 3.826818], [0.00913561, 0.30542268], [0.00911442, 0.2194325], [0.00907118, 1.11804143], [0.00900005, 3.6317947], [0.00900004, 2.8], [0.00900003, 1.0], [0.0086688, 1.20635103], [0.00866325, 1.20636321], [0.00865759, 0.24104145]], 'asks': [[0.00931046, 2.22], [0.00944818, 1.103], [0.00944819, 0.23496281], [0.00978874, 0.2638523], [0.0098381, 0.26381326], [0.0098704, 0.17546942], [0.00995331, 0.26983274], [0.00997077, 0.26929989], [0.00999889, 0.36112136], [0.0099989, 0.5], [0.00999899, 0.3444559], [0.009999, 0.57846274], [0.01, 3.200399], [0.0101, 0.0499], [0.01016634, 0.64783622]], 'timestamp': 1711986990461, 'datetime': '2024-04-01T15:56:30.461Z', 'nonce': None}, 'BFC/BTC': {'symbol': 'BFC/BTC', 'bids': [[1.3e-06, 113732.18352283], [1.29e-06, 100690.06193553], [1.28e-06, 128046.45309075], [1.27e-06, 259574.62412368], [1.26e-06, 466833.44658935], [1.25e-06, 208349.33533941], [1.24e-06, 382840.90877641], [1.23e-06, 155398.04319682], [1.22e-06, 115412.15939404], [1.21e-06, 180444.08486012], [1.2e-06, 145599.85530595], [1.19e-06, 153906.92016806], [1.18e-06, 173950.25806346], [1.17e-06, 54374.27813421], [1.16e-06, 22020.31988992]], 'asks': [[1.32e-06, 52982.04011988], [1.33e-06, 130731.41970132], [1.34e-06, 39078.54704015], [1.35e-06, 83500.49326179], [1.36e-06, 22906.34239222], [1.37e-06, 100639.7532941], [1.38e-06, 32411.05836073], [1.39e-06, 124594.29653147], [1.4e-06, 80382.86702588], [1.41e-06, 76151.99430182], [1.42e-06, 61385.00150785], [1.43e-06, 184214.43198748], [1.44e-06, 418140.7365304], [1.45e-06, 143728.03847451], [1.46e-06, 312101.70120736]], 'timestamp': 1711986737845, 'datetime': '2024-04-01T15:52:17.845Z', 'nonce': None}, 'BLUR/BTC': {'symbol': 'BLUR/BTC', 'bids': [[8.04e-06, 111.08346809], [8.03e-06, 100.0], [8e-06, 200.0], [7.99e-06, 375.46933667], [7.97e-06, 513.48130489], [7.96e-06, 6304.35026196], [7.87e-06, 965.20870316], [7.83e-06, 116.21648305], [7.8e-06, 131.64013044], [7.71e-06, 259.40337224], [7.7e-06, 261.63422612], [7.68e-06, 300.0], [7.6e-06, 8745.73383103], [7.53e-06, 1382.13638479], [7.52e-06, 258.92449726]], 'asks': [[8.38e-06, 5644.18993966], [8.49e-06, 1255.23012561], [8.59e-06, 172.75135322], [8.73e-06, 177.80938834], [8.74e-06, 216.4897223], [8.77e-06, 112.21411042], [9e-06, 10965.71854157], [9.32e-06, 99.22157772], [9.4e-06, 99.22157773], [9.44e-06, 116.9618644], [9.45e-06, 211.64021165], [9.48e-06, 66.54956143], [9.5e-06, 1100.0], [9.68e-06, 300.0], [9.74e-06, 1734.37565162]], 'timestamp': 1711986989050, 'datetime': '2024-04-01T15:56:29.050Z', 'nonce': None}, 'BNT/BTC': {'symbol': 'BNT/BTC', 'bids': [[1.225e-05, 60.0], [1.223e-05, 1032.0], [1.221e-05, 837.19], [1.22e-05, 1061.59579552], [1.219e-05, 4519.22206068], [1.218e-05, 2460.3321431], [1.216e-05, 500.07494014], [1.214e-05, 164.74464579], [1.213e-05, 1032.0], [1.211e-05, 1010.90378924], [1.204e-05, 1176.15353292], [1.201e-05, 42.0], [1.2e-05, 1124.5], [1.198e-05, 171.0], [1.197e-05, 116.73435023]], 'asks': [[1.243e-05, 1921.4995], [1.248e-05, 932.4], [1.249e-05, 800.0], [1.25e-05, 7544.51240483], [1.253e-05, 688.44], [1.309e-05, 1200.0], [1.31e-05, 798.08459696], [1.33e-05, 333.13996959], [1.338e-05, 11168.97152248], [1.368e-05, 800.0], [1.371e-05, 291.91492706], [1.38e-05, 650.0], [1.385e-05, 144.40433213], [1.388e-05, 51533.94344762], [1.389e-05, 711.84600387]], 'timestamp': 1711986990460, 'datetime': '2024-04-01T15:56:30.460Z', 'nonce': None}, 'BORA/BTC': {'symbol': 'BORA/BTC', 'bids': [[2.83e-06, 495.85576694], [2.82e-06, 390.07092198], [2.81e-06, 391.45907473], [2.8e-06, 71643.29999999], [2.79e-06, 10641.48723297], [2.78e-06, 365.59321121], [2.77e-06, 397.11191335], [2.76e-06, 1485.50724636], [2.75e-06, 400.0], [2.74e-06, 401.45985401], [2.73e-06, 402.93040293], [2.71e-06, 405.90405904], [2.7e-06, 5312.28892505], [2.69e-06, 408.92193308], [2.67e-06, 411.98501872]], 'asks': [[2.94e-06, 38217.08621468], [2.98e-06, 602.89389068], [3e-06, 2381.68933972], [3.06e-06, 1211.63166398], [3.14e-06, 6500.0], [3.2e-06, 305.15264708], [3.24e-06, 1684.47303489], [3.29e-06, 500.0], [3.3e-06, 333.33333334], [3.37e-06, 925.48193636], [3.4e-06, 325.44103483], [3.43e-06, 1590.5393205], [3.49e-06, 900.0], [3.5e-06, 8039.13808667], [3.51e-06, 1151.64068165]], 'timestamp': 1711986945091, 'datetime': '2024-04-01T15:55:45.091Z', 'nonce': None}, 'BSV/BTC': {'symbol': 'BSV/BTC', 'bids': [[0.00133177, 63.30925381], [0.00132781, 23.098], [0.0013166, 2.11815782], [0.00129927, 10.38483781], [0.00128954, 1.93513966], [0.00128151, 0.78032945], [0.00128013, 8.28589012], [0.00127819, 52.82500724], [0.00126835, 8.0], [0.00126834, 2.0], [0.00125877, 11.42042233], [0.00121486, 4.0], [0.00120705, 3.284], [0.0012, 1.25332499], [0.00119128, 0.53441509]], 'asks': [[0.00135749, 49.47552131], [0.00139845, 25.93], [0.00139846, 14.45270439], [0.00139847, 0.39501696], [0.00140644, 11.89658302], [0.00142445, 6.96217234], [0.00143571, 1.33809099], [0.00144244, 134.3274712], [0.00146366, 1.34228188], [0.00147599, 0.5], [0.00154371, 7.2810674], [0.001625, 15.4172028], [0.00164582, 0.5], [0.00175, 0.49297701], [0.0017517, 1.0]], 'timestamp': 1711986990400, 'datetime': '2024-04-01T15:56:30.400Z', 'nonce': None}, 'CBK/BTC': {'symbol': 'CBK/BTC', 'bids': [[1.456e-05, 538.48523351], [1.424e-05, 100.0], [1.41e-05, 14149.02411347], [1.409e-05, 1383.99247728], [1.405e-05, 36.32478632], [1.404e-05, 100.0], [1.395e-05, 143.73184092], [1.386e-05, 4835.05874016], [1.345e-05, 223.04832713], [1.323e-05, 38.0], [1.303e-05, 39.0], [1.3e-05, 153.84615384], [1.255e-05, 79.84143426], [1.234e-05, 41.0], [1.205e-05, 49.79253112]], 'asks': [[1.517e-05, 8728.46308305], [1.518e-05, 180.06989798], [1.546e-05, 110.78286557], [1.557e-05, 361.88178528], [1.651e-05, 150.0], [1.654e-05, 200.0], [1.674e-05, 100.0], [1.731e-05, 500.0], [1.75e-05, 1767.85714283], [1.753e-05, 50.46178861], [1.763e-05, 150.0], [1.97e-05, 98.11139845], [2.1e-05, 1810.71428573], [2.2e-05, 325.0], [2.239e-05, 494.77041883]], 'timestamp': 1711986975340, 'datetime': '2024-04-01T15:56:15.340Z', 'nonce': None}, 'CELO/BTC': {'symbol': 'CELO/BTC', 'bids': [[1.706e-05, 231.4593347], [1.705e-05, 11700.95249266], [1.704e-05, 5029.715], [1.701e-05, 2000.0], [1.7e-05, 100.0], [1.674e-05, 298.68578255], [1.659e-05, 177.37341893], [1.658e-05, 30.75995174], [1.631e-05, 4130.08590578], [1.627e-05, 130.55216086], [1.62e-05, 300.0], [1.618e-05, 4000.0], [1.607e-05, 1298.01388771], [1.6e-05, 0.9830424], [1.596e-05, 100.0]], 'asks': [[1.788e-05, 2702.18301823], [1.793e-05, 5523.176], [1.794e-05, 60.36387433], [1.805e-05, 93.92611148], [1.826e-05, 599.03361354], [1.861e-05, 62.81407035], [1.87e-05, 2954.45574355], [1.881e-05, 94.28032684], [1.891e-05, 2954.45574354], [1.892e-05, 1969.63716236], [1.9e-05, 2138.73623064], [2e-05, 1346.28777773], [2.03e-05, 150.20598416], [2.122e-05, 150.20598416], [2.148e-05, 7000.0]], 'timestamp': 1711986989330, 'datetime': '2024-04-01T15:56:29.330Z', 'nonce': None}, 'CHR/BTC': {'symbol': 'CHR/BTC', 'bids': [[5.87e-06, 6004.29567068], [5.86e-06, 2824.18381358], [5.85e-06, 7651.76243748], [5.84e-06, 3138.492], [5.83e-06, 5779.16282297], [5.82e-06, 899.62549135], [5.8e-06, 1400.0], [5.77e-06, 1219.08650384], [5.75e-06, 1000.0], [5.74e-06, 400.0], [5.72e-06, 1748.25174825], [5.71e-06, 14218.59895446], [5.7e-06, 1390.0], [5.68e-06, 89.08741197], [5.67e-06, 400.0]], 'asks': [[5.94e-06, 4009.21225224], [5.95e-06, 678.71383727], [5.96e-06, 2166.3143876], [5.98e-06, 9050.50701185], [6e-06, 300.0], [6.1e-06, 300.0], [6.2e-06, 300.0], [6.3e-06, 300.0], [6.4e-06, 300.0], [6.42e-06, 1000.0], [6.47e-06, 12467.4838], [6.5e-06, 300.0], [6.52e-06, 1000.0], [6.57e-06, 1000.0], [6.6e-06, 480.0]], 'timestamp': 1711986989620, 'datetime': '2024-04-01T15:56:29.620Z', 'nonce': None}, 'CHZ/BTC': {'symbol': 'CHZ/BTC', 'bids': [[2e-06, 4441.08963768], [1.93e-06, 154978.47413471], [1.92e-06, 6341.66666666], [1.88e-06, 35555.33562338], [1.87e-06, 12099.60497126], [1.85e-06, 19519.33620332], [1.84e-06, 363.18443022], [1.82e-06, 450.0], [1.8e-06, 555.55555555], [1.71e-06, 5000.0], [1.7e-06, 588.23529411], [1.63e-06, 1226.99386503], [1.62e-06, 1119.69074074], [1.61e-06, 311.0], [1.6e-06, 668.75]], 'asks': [[2.04e-06, 48236.53426852], [2.05e-06, 2579.1117073], [2.09e-06, 321.98321983], [2.14e-06, 3476.24565475], [2.15e-06, 1548.27393765], [2.18e-06, 1628.66497512], [2.21e-06, 43045.67709937], [2.23e-06, 1000.0], [2.24e-06, 720.43090063], [2.25e-06, 1559.13819875], [2.44e-06, 3063.62009803], [2.48e-06, 3135.73590096], [2.49e-06, 1000.0], [2.5e-06, 1122.31355586], [2.51e-06, 200.0]], 'timestamp': 1711985818940, 'datetime': '2024-04-01T15:36:58.940Z', 'nonce': None}, 'CITY/BTC': {'symbol': 'CITY/BTC', 'bids': [[5.396e-05, 215.86582653], [5.381e-05, 20.0], [5.38e-05, 907.50404663], [5.379e-05, 860.80300271], [5.377e-05, 724.17668827], [5.287e-05, 25.476], [5.285e-05, 151.371807], [5.279e-05, 47.88596325], [5.24e-05, 22.52155869], [5.238e-05, 393.811], [5.114e-05, 104.40469299], [5.001e-05, 20.0], [5e-05, 20.0], [4.958e-05, 11.0], [4.845e-05, 206.39834881]], 'asks': [[5.546e-05, 191.15261579], [5.547e-05, 1606.46596053], [5.548e-05, 300.0], [5.552e-05, 1424.52921521], [5.553e-05, 250.0], [5.572e-05, 47.97684759], [5.763e-05, 87.97606474], [5.859e-05, 160.336378], [5.904e-05, 120.2522835], [5.906e-05, 43.94250144], [5.915e-05, 38.29496751], [5.954e-05, 90.18921262], [5.99e-05, 67.64190947], [5.999e-05, 814.59959089], [6.027e-05, 161.70503249]], 'timestamp': 1711986990539, 'datetime': '2024-04-01T15:56:30.539Z', 'nonce': None}, 'COMP/BTC': {'symbol': 'COMP/BTC', 'bids': [[0.00109327, 27.14507326], [0.00108783, 1.85240547], [0.0010877, 2.0], [0.0010868, 0.59762951], [0.00108626, 7.92550095], [0.00108522, 0.92149058], [0.00108514, 0.5], [0.00108156, 15.174], [0.00108154, 20.0], [0.00108142, 1.99997919], [0.0010804, 1.0], [0.00108001, 10.0], [0.00108, 1.5], [0.00107827, 5.45226146], [0.00107401, 20.0]], 'asks': [[0.00109331, 0.50898303], [0.0011039, 12.39726647], [0.00110391, 19.4326], [0.00110447, 10.49178536], [0.00112266, 12.0], [0.00112795, 35.09543922], [0.00112839, 1.245694], [0.00114794, 2.07367957], [0.00115, 3.01558334], [0.0011565, 12.39845453], [0.00115659, 3.03532838], [0.001158, 9.06735752], [0.00116797, 7.92779612], [0.001187, 45.64450463], [0.00118997, 0.45]], 'timestamp': 1711986989699, 'datetime': '2024-04-01T15:56:29.699Z', 'nonce': None}, 'CRO/BTC': {'symbol': 'CRO/BTC', 'bids': [[2.17e-06, 60469.87642128], [2.16e-06, 21732.118], [2.06e-06, 33478.14321087], [2.05e-06, 7112.11733071], [2.02e-06, 17199.11964678], [1.95e-06, 5000.0], [1.8e-06, 555.55555555], [1.77e-06, 338.98305084], [1.66e-06, 1000.0], [1.65e-06, 454.54243179], [1.64e-06, 12195.12195121], [1.6e-06, 30314.0], [1.59e-06, 63609.64308175], [1.52e-06, 2600.0], [1.5e-06, 3000.0]], 'asks': [[2.25e-06, 45773.38341422], [2.32e-06, 4316.54676259], [2.33e-06, 796.17834395], [2.36e-06, 1000.0], [2.37e-06, 768.44262295], [2.38e-06, 719.28061133], [2.39e-06, 768.44262294], [2.41e-06, 9502.0529109], [2.42e-06, 207.0], [2.43e-06, 665.46621177], [2.48e-06, 977.77777777], [2.7e-06, 11296.31111112], [2.77e-06, 1907.25057297], [2.88e-06, 1919.0], [2.95e-06, 250.0]], 'timestamp': 1711986990475, 'datetime': '2024-04-01T15:56:30.475Z', 'nonce': None}, 'CRV/BTC': {'symbol': 'CRV/BTC', 'bids': [[9.41e-06, 94.89904357], [9.39e-06, 1075.17680771], [9.37e-06, 1135.56000143], [9.36e-06, 1666.48754105], [9.35e-06, 1069.51871657], [9.33e-06, 440.79594233], [9.32e-06, 840.0], [9.31e-06, 1821.90171858], [9.3e-06, 1140.0], [9.28e-06, 524.70813592], [9.27e-06, 500.0], [9.26e-06, 7563.01579203], [9.25e-06, 101.39408236], [9.21e-06, 3837.41036357], [9.2e-06, 55.0]], 'asks': [[9.49e-06, 425.12488043], [9.5e-06, 424.87652026], [9.51e-06, 105.15247109], [9.52e-06, 105.04201681], [9.57e-06, 1045.7634268], [9.58e-06, 9815.11271444], [9.6e-06, 1500.0], [9.65e-06, 117.41839096], [9.92e-06, 234.8367819], [1.001e-05, 320.39079843], [1.008e-05, 223.88782669], [1.024e-05, 2342.389711], [1.028e-05, 248.76425188], [1.032e-05, 10531.29321805], [1.033e-05, 393.82311526]], 'timestamp': 1711986989611, 'datetime': '2024-04-01T15:56:29.611Z', 'nonce': None}, 'CTC/BTC': {'symbol': 'CTC/BTC', 'bids': [[1.312e-05, 381.09756097], [1.31e-05, 15305.43816793], [1.309e-05, 750.0], [1.305e-05, 2270.852], [1.304e-05, 1917.177914], [1.301e-05, 1100.0], [1.299e-05, 861.22432583], [1.297e-05, 38.62760215], [1.285e-05, 200.0], [1.279e-05, 172.75410476], [1.278e-05, 1146.14998592], [1.275e-05, 5371.68400574], [1.274e-05, 100.0], [1.266e-05, 39.57345971], [1.261e-05, 212.13965107]], 'asks': [[1.365e-05, 3981.81393034], [1.385e-05, 146.735459], [1.386e-05, 139.01760891], [1.393e-05, 912.56258693], [1.399e-05, 5195.39923108], [1.414e-05, 137.23696249], [1.416e-05, 136.11615244], [1.419e-05, 463.50378333], [1.422e-05, 91.15770283], [1.429e-05, 71.63707191], [1.432e-05, 100.0], [1.44e-05, 278.42377261], [1.444e-05, 787.22099199], [1.448e-05, 49.97639719], [1.45e-05, 300.0]], 'timestamp': 1711986990170, 'datetime': '2024-04-01T15:56:30.170Z', 'nonce': None}, 'CTSI/BTC': {'symbol': 'CTSI/BTC', 'bids': [[4.16e-06, 13192.88772413], [4.15e-06, 1224.22377789], [4.14e-06, 14028.73918935], [4.13e-06, 960.96096096], [4.12e-06, 9695.41437667], [4.11e-06, 17549.89654816], [4.1e-06, 2843.0], [4.09e-06, 2790.9395268], [4.07e-06, 10538.33965454], [4.05e-06, 227.77377543], [4.02e-06, 39323.80589054], [4e-06, 21481.11471321], [3.99e-06, 2506.26566416], [3.97e-06, 10367.74311073], [3.94e-06, 1355.14111675]], 'asks': [[4.19e-06, 1335.91185781], [4.2e-06, 5000.0], [4.21e-06, 961.65404495], [4.22e-06, 962.34812943], [4.23e-06, 503.42282581], [4.3e-06, 10170.54931278], [4.42e-06, 1131.68584909], [4.43e-06, 919.30561356], [4.57e-06, 3494.14954727], [4.58e-06, 729.71500923], [4.59e-06, 1140.01951642], [4.6e-06, 11061.63904687], [4.61e-06, 4655.8370205], [4.65e-06, 386.30508947], [4.67e-06, 2347.41784037]], 'timestamp': 1711986990180, 'datetime': '2024-04-01T15:56:30.180Z', 'nonce': None}, 'CVC/BTC': {'symbol': 'CVC/BTC', 'bids': [[3.06e-06, 225554.52856198], [3.05e-06, 8911.103], [3.02e-06, 13203.07318098], [3.01e-06, 1000.0], [2.94e-06, 721.58673469], [2.92e-06, 22932.98157197], [2.9e-06, 3634.75353066], [2.79e-06, 6192.70071684], [2.72e-06, 1000.0], [2.7e-06, 6000.0], [2.69e-06, 11152.41635687], [2.6e-06, 192.31153846], [2.56e-06, 196.0], [2.32e-06, 220.0], [2.28e-06, 2663.90343511]], 'asks': [[3.23e-06, 30584.46711007], [3.28e-06, 2830.18867932], [3.3e-06, 723.93822395], [3.33e-06, 20000.0], [3.34e-06, 561.90213865], [3.46e-06, 649.81803048], [3.51e-06, 128666.6571763], [3.6e-06, 1225.24536548], [3.62e-06, 649.81803047], [3.69e-06, 1198.39663502], [3.83e-06, 3168.52842091], [3.86e-06, 300.0], [3.93e-06, 5007.49028253], [4.02e-06, 931.64072813], [4.05e-06, 4798.36184187]], 'timestamp': 1711986936426, 'datetime': '2024-04-01T15:55:36.426Z', 'nonce': None}, 'CYBER/BTC': {'symbol': 'CYBER/BTC', 'bids': [[0.0001949, 124.34476472], [0.000194, 13.02947491], [0.00019382, 55.712], [0.00019369, 156.6], [0.00019364, 18.98], [0.00019362, 101.12429626], [0.00019357, 3.98769791], [0.00019342, 28.29755733], [0.0001931, 5.5], [0.00019295, 83.183], [0.00019294, 130.56586471], [0.00019262, 200.0], [0.00019259, 400.0], [0.00019258, 300.0], [0.0001925, 14.94521558]], 'asks': [[0.00019547, 84.45893208], [0.00019548, 351.31618931], [0.00019712, 65.15463443], [0.0001973, 14.38568827], [0.00019768, 200.0], [0.0001977, 685.69342663], [0.00019795, 6.0], [0.00019813, 6.0], [0.00019835, 6.0], [0.00019854, 60.45755753], [0.00019871, 6.0], [0.00019896, 6.0], [0.00019936, 65.15463443], [0.00019945, 18.15667666], [0.00020027, 20.17408518]], 'timestamp': 1711986990451, 'datetime': '2024-04-01T15:56:30.451Z', 'nonce': None}, 'DAD/BTC': {'symbol': 'DAD/BTC', 'bids': [[1.5e-07, 4521198.07105391], [1.4e-07, 19560149.41225583], [1.3e-07, 17383361.07128291], [1.2e-07, 7849104.27413445], [1.1e-07, 9024392.86329072], [1e-07, 9510032.66337659], [9e-08, 8919425.64286139], [8e-08, 810047.30977243], [7e-08, 358646.86177411], [6e-08, 906245.78634662], [5e-08, 791471.22], [4e-08, 2850199.63774937], [3e-08, 1305935.06333331], [2e-08, 2946837.44239401], [1e-08, 12469560.33416457]], 'asks': [[1.6e-07, 12182092.6949697], [1.7e-07, 6540422.68536032], [1.8e-07, 9101549.85240926], [1.9e-07, 12123078.63084478], [2e-07, 13738392.98943034], [2.1e-07, 7509626.21554059], [2.2e-07, 10482787.37593966], [2.3e-07, 9782189.92072524], [2.4e-07, 13599623.84111829], [2.5e-07, 2832211.58573255], [2.6e-07, 3436357.39067201], [2.7e-07, 1876526.57842941], [2.8e-07, 5178915.92973508], [2.9e-07, 6323952.42625254], [3e-07, 4551530.26531194]], 'timestamp': 1711986963380, 'datetime': '2024-04-01T15:56:03.380Z', 'nonce': None}, 'DAI/BTC': {'symbol': 'DAI/BTC', 'bids': [[1.407e-05, 4203.159], [1.406e-05, 7168.15066985], [1.404e-05, 731.22535541], [1.395e-05, 71505.82325548], [1.379e-05, 1150.0], [1.377e-05, 500.0], [1.376e-05, 100.0], [1.375e-05, 8542.13255693], [1.374e-05, 1704.36863173], [1.373e-05, 300.0], [1.371e-05, 500.0], [1.369e-05, 150.0], [1.355e-05, 48.0], [1.354e-05, 1000.0], [1.352e-05, 147.92899408]], 'asks': [[1.463e-05, 746.65642877], [1.467e-05, 128.85314646], [1.486e-05, 67.29475101], [1.495e-05, 844.20249262], [1.555e-05, 44.11681937], [1.575e-05, 5521.3], [1.576e-05, 4745.43941357], [1.585e-05, 35.78947368], [1.611e-05, 308.16396947], [1.615e-05, 7253.6], [1.616e-05, 3559.07956018], [1.62e-05, 50.0], [1.644e-05, 61.60282354], [1.677e-05, 6517.2], [1.707e-05, 350.98288836]], 'timestamp': 1711986944260, 'datetime': '2024-04-01T15:55:44.260Z', 'nonce': None}, 'DENT/BTC': {'symbol': 'DENT/BTC', 'bids': [[2e-08, 754513214.8872734], [1e-08, 1045757790.7494509], [0.0, 0.0], [0.0, 0.0], [0.0, 0.0], [0.0, 0.0], [0.0, 0.0], [0.0, 0.0], [0.0, 0.0], [0.0, 0.0], [0.0, 0.0], [0.0, 0.0], [0.0, 0.0], [0.0, 0.0], [0.0, 0.0]], 'asks': [[3e-08, 791697127.8920355], [4e-08, 983590797.9045448], [5e-08, 759088692.0560079], [6e-08, 641147336.2006472], [7e-08, 464565599.82270545], [8e-08, 442117759.91196674], [9e-08, 219915429.67958272], [1e-07, 161758340.02884465], [1.1e-07, 63918955.81850002], [1.2e-07, 49402492.32753225], [1.3e-07, 41525434.00062904], [1.4e-07, 45665183.83799985], [1.5e-07, 50872256.57604454], [1.6e-07, 53737635.34801262], [1.7e-07, 56826401.30190042]], 'timestamp': 1711986913731, 'datetime': '2024-04-01T15:55:13.731Z', 'nonce': None}, 'DGB/BTC': {'symbol': 'DGB/BTC', 'bids': [[2.7e-07, 2196275.68253103], [2.6e-07, 6706922.03984297], [2.5e-07, 3835380.63590669], [2.4e-07, 5292837.5831803], [2.3e-07, 6451464.01078678], [2.2e-07, 2354474.69080131], [2.1e-07, 3222469.00137894], [2e-07, 3440141.28444083], [1.9e-07, 2324140.7199508], [1.8e-07, 718266.57786779], [1.7e-07, 175257.20485424], [1.6e-07, 448105.56300341], [1.5e-07, 639728.40552999], [1.4e-07, 503115.79020882], [1.3e-07, 1738526.42528293]], 'asks': [[2.8e-07, 3427119.68969891], [2.9e-07, 4524145.44650273], [3e-07, 1935087.8292593], [3.1e-07, 1373547.68421753], [3.2e-07, 3265217.87002367], [3.3e-07, 3540578.1354632], [3.4e-07, 5135761.44223484], [3.5e-07, 9503171.65164689], [3.6e-07, 9853861.04752567], [3.7e-07, 3326005.49602262], [3.8e-07, 3289048.38673493], [3.9e-07, 1363865.45860682], [4e-07, 1469616.40159843], [4.1e-07, 2964901.16849761], [4.2e-07, 6600968.30920667]], 'timestamp': 1711986988352, 'datetime': '2024-04-01T15:56:28.352Z', 'nonce': None}, 'DKA/BTC': {'symbol': 'DKA/BTC', 'bids': [[5.3e-07, 1215672.2963535], [5.2e-07, 78921.54070289], [5e-07, 172322.9591972], [4.9e-07, 108706.98103577], [4.8e-07, 9216.66666666], [4.7e-07, 4100.0], [4.6e-07, 18942.77100725], [4.5e-07, 18476.03579], [4.4e-07, 4000.0], [4.3e-07, 1200.0], [4.2e-07, 5810.27380952], [4.1e-07, 30000.0], [4e-07, 39905.725], [3.9e-07, 46905.28205128], [3.8e-07, 2000.0]], 'asks': [[5.4e-07, 110399.59245097], [5.7e-07, 11265.95179018], [5.8e-07, 5642.63322884], [5.9e-07, 143045.68527919], [6e-07, 156.38641492], [6.1e-07, 909.09836065], [6.4e-07, 37086.69826224], [6.6e-07, 32999.56158292], [6.7e-07, 9422.52256265], [6.8e-07, 2647.35485103], [6.9e-07, 43442.00143202], [7e-07, 40517.04939412], [7.1e-07, 34516.67766051], [7.2e-07, 53336.39030303], [7.4e-07, 6420.0]], 'timestamp': 1711986988631, 'datetime': '2024-04-01T15:56:28.631Z', 'nonce': None}, 'DNT/BTC': {'symbol': 'DNT/BTC', 'bids': [[1.15e-06, 60531.60622747], [1.14e-06, 210630.70394188], [1.13e-06, 72327.7745183], [1.12e-06, 317300.99343157], [1.11e-06, 266455.85018531], [1.1e-06, 669013.64935273], [1.09e-06, 2499.85110091], [1.08e-06, 21601.81031216], [1.07e-06, 7778.29416294], [1.06e-06, 30717.89078256], [1.05e-06, 4753.88867972], [1.04e-06, 7978.84615385], [1.03e-06, 2294.37009709], [1.02e-06, 1470.5882353], [1.01e-06, 8271.82930693]], 'asks': [[1.18e-06, 59667.18745628], [1.19e-06, 1991.64447857], [1.2e-06, 81688.46330112], [1.21e-06, 28191.8190793], [1.22e-06, 56110.24747603], [1.23e-06, 100561.86048257], [1.24e-06, 87428.1173431], [1.25e-06, 15531.05219846], [1.26e-06, 51185.81053634], [1.27e-06, 144682.04104247], [1.28e-06, 407167.40045367], [1.29e-06, 150439.05795435], [1.3e-06, 95511.17851287], [1.31e-06, 144844.8260057], [1.32e-06, 107031.10630999]], 'timestamp': 1711986971779, 'datetime': '2024-04-01T15:56:11.779Z', 'nonce': None}, 'DOGE/BTC': {'symbol': 'DOGE/BTC', 'bids': [[2.92e-06, 444.04037743], [2.9e-06, 91678.66992001], [2.89e-06, 14532.8719723], [2.88e-06, 3129.50854947], [2.87e-06, 8710.801394], [2.86e-06, 2043.65034965], [2.85e-06, 12252.01578947], [2.83e-06, 6990.31], [2.82e-06, 354.60992907], [2.81e-06, 109329.5812544], [2.8e-06, 2846.03917501], [2.79e-06, 358.42293906], [2.78e-06, 1000.0], [2.76e-06, 32348.6558019], [2.75e-06, 127811.08182444]], 'asks': [[2.95e-06, 66849.2813103], [2.96e-06, 272.81421852], [3.01e-06, 2296.85864306], [3.1e-06, 28821.04030942], [3.11e-06, 377.12620521], [3.12e-06, 646.87661749], [3.15e-06, 7889.81332359], [3.17e-06, 631.0], [3.18e-06, 14734.90671134], [3.19e-06, 6183.89289467], [3.2e-06, 2391.11886949], [3.21e-06, 816.58107116], [3.22e-06, 1000.0], [3.24e-06, 1000.0], [3.27e-06, 1940.62985248]], 'timestamp': 1711986948959, 'datetime': '2024-04-01T15:55:48.959Z', 'nonce': None}, 'DOT/BTC': {'symbol': 'DOT/BTC', 'bids': [[0.00013142, 1.2105868], [0.0001312, 7.62195121], [0.00013076, 7.64759865], [0.00013003, 7.69053295], [0.00013, 7.69230769], [0.00012989, 22.51276192], [0.00012923, 7.73814129], [0.00012851, 1552.41802194], [0.0001285, 435.90859427], [0.00012818, 7.80152909], [0.00012713, 7.86596397], [0.00012666, 532.53017639], [0.00012639, 4.16214551], [0.00012622, 7.92267469], [0.00012514, 7.99105002]], 'asks': [[0.00013285, 159.49610421], [0.0001344, 621.679], [0.00013441, 247.38673339], [0.00013515, 9.13596824], [0.00013708, 233.77410524], [0.00013824, 44.77260614], [0.00013916, 3.5929865], [0.00013972, 10.21102791], [0.00014211, 10.98096633], [0.00014457, 38.7894132], [0.00014497, 10.0], [0.00014902, 5.33705021], [0.00015289, 5.33705021], [0.00015512, 5.33705021], [0.00015517, 20.0]], 'timestamp': 1711986967226, 'datetime': '2024-04-01T15:56:07.226Z', 'nonce': None}, 'EGLD/BTC': {'symbol': 'EGLD/BTC', 'bids': [[0.0008207, 0.03159328], [0.00080309, 194.73754171], [0.00080308, 30.21846976], [0.00080303, 3.1742012], [0.00080014, 1.72456019], [0.00079289, 1.38287634], [0.000791, 2.0], [0.00078304, 1.51276439], [0.000782, 6.0], [0.000781, 2.0], [0.00077801, 31.45444187], [0.00077794, 20.0], [0.00077661, 86.15371816], [0.00077286, 13.43618401], [0.000771, 2.0]], 'asks': [[0.00084983, 72.46046099], [0.00087082, 11.60485042], [0.00087368, 1.57894737], [0.00087495, 5.58172703], [0.0008794, 24.60647208], [0.00088152, 40.59578429], [0.00088679, 1.76886792], [0.00088784, 1.76761725], [0.00090672, 5.96840672], [0.0009071, 5.0], [0.00090829, 5.0], [0.00091938, 44.149249], [0.00092395, 0.59632014], [0.00094501, 1.97806732], [0.00097181, 11.63410636]], 'timestamp': 1711986988911, 'datetime': '2024-04-01T15:56:28.911Z', 'nonce': None}, 'ELF/BTC': {'symbol': 'ELF/BTC', 'bids': [[9e-06, 127.39595455], [8.65e-06, 8304.57117957], [8.64e-06, 1300.0], [8.46e-06, 7793.98927547], [8.44e-06, 59.24289099], [8.34e-06, 1509.37589928], [8.16e-06, 367.64705882], [8.1e-06, 123.45679012], [7.54e-06, 243.657029], [7.51e-06, 600.0], [7.33e-06, 100.39975096], [7.2e-06, 83.33333333], [7.12e-06, 1759.1863039], [6.94e-06, 342.49390931], [6.91e-06, 600.0]], 'asks': [[9.02e-06, 830.28803969], [9.24e-06, 8231.245], [9.25e-06, 250.38579214], [9.53e-06, 3071.11361731], [9.75e-06, 200.0], [1e-05, 1417.32121598], [1.004e-05, 400.0], [1.021e-05, 200.0], [1.11e-05, 200.0], [1.15e-05, 50.05130434], [1.185e-05, 200.0], [1.215e-05, 2469.13580247], [1.217e-05, 78.62279008], [1.244e-05, 2648.14471071], [1.245e-05, 200.0]], 'timestamp': 1711986979251, 'datetime': '2024-04-01T15:56:19.251Z', 'nonce': None}, 'ENJ/BTC': {'symbol': 'ENJ/BTC', 'bids': [[6.7e-06, 3783.93432834], [6.65e-06, 300.44437776], [6.64e-06, 4156.62650601], [6.63e-06, 581.3624628], [6.61e-06, 1500.0], [6.6e-06, 3440.23404239], [6.59e-06, 403.49013657], [6.58e-06, 1519.7568389], [6.54e-06, 163.45718654], [6.52e-06, 15399.00605828], [6.51e-06, 2160.33671274], [6.5e-06, 987.06735888], [6.49e-06, 8844.979], [6.47e-06, 150.58789799], [6.46e-06, 600.0]], 'asks': [[6.75e-06, 400.0], [6.76e-06, 17937.83928676], [6.79e-06, 1586.67], [6.87e-06, 73.24049668], [6.89e-06, 766.07885151], [6.9e-06, 5000.0], [6.91e-06, 5099.3942044], [6.92e-06, 5000.0], [6.93e-06, 5000.0], [7.14e-06, 70.1], [7.15e-06, 121.2493395], [7.2e-06, 70.0], [7.21e-06, 178.41463247], [7.42e-06, 68.0], [7.43e-06, 480.75370122]], 'timestamp': 1711986987955, 'datetime': '2024-04-01T15:56:27.955Z', 'nonce': None}, 'ENS/BTC': {'symbol': 'ENS/BTC', 'bids': [[0.00030041, 36.21247537], [0.0003004, 34.0], [0.00030001, 32.59060551], [0.0003, 93.18596629], [0.0002985, 1.67507538], [0.00029814, 20.78570835], [0.0002981, 66.2104082], [0.00029802, 91.19], [0.000298, 1.71140939], [0.00029787, 16.78584617], [0.0002978, 3.0], [0.00029754, 41.191], [0.00029752, 33.6111858], [0.0002975, 11.80746218], [0.0002974, 53.86751962]], 'asks': [[0.00030068, 7.77020222], [0.00030075, 10.79158081], [0.00030166, 101.06001623], [0.00030167, 19.78517367], [0.00030173, 4.82037796], [0.00030204, 23.97206832], [0.0003021, 48.22938671], [0.00030213, 58.00200664], [0.0003036, 110.0], [0.00030362, 307.97704497], [0.00030373, 100.0], [0.00030456, 35.87], [0.00031176, 309.49240014], [0.00031177, 35.28241974], [0.00031179, 149.09658708]], 'timestamp': 1711986990170, 'datetime': '2024-04-01T15:56:30.170Z', 'nonce': None}, 'EOS/BTC': {'symbol': 'EOS/BTC', 'bids': [[1.5e-05, 10.4231371], [1.481e-05, 5708.45280444], [1.476e-05, 13516.34417344], [1.475e-05, 2126.45], [1.454e-05, 300.0], [1.435e-05, 4702.44686381], [1.433e-05, 402.9925187], [1.411e-05, 735.16253534], [1.409e-05, 2000.0], [1.408e-05, 17176.10164928], [1.404e-05, 1.89726276], [1.4e-05, 92.11488096], [1.387e-05, 1477.91187148], [1.375e-05, 1941.05763636], [1.37e-05, 2901.2109489]], 'asks': [[1.56e-05, 5891.78060215], [1.562e-05, 414.91590273], [1.564e-05, 32.05247225], [1.601e-05, 101.2145749], [1.605e-05, 7228.57575], [1.624e-05, 100.0], [1.625e-05, 31.38461538], [1.627e-05, 107.99136069], [1.632e-05, 50.0], [1.635e-05, 700.0], [1.654e-05, 84.60839211], [1.66e-05, 100.0], [1.744e-05, 100.0], [1.748e-05, 239.18656011], [1.75e-05, 1420.59940473]], 'timestamp': 1711986990539, 'datetime': '2024-04-01T15:56:30.539Z', 'nonce': None}, 'ETC/BTC': {'symbol': 'ETC/BTC', 'bids': [[0.00046736, 2.13967819], [0.00046685, 469.98477562], [0.00046684, 20.69050623], [0.0004666, 3.0], [0.00046532, 28.48058799], [0.00046531, 2.14910489], [0.00046339, 90.636397], [0.00046247, 5.71920111], [0.0004624, 1.14577311], [0.00046134, 2.16759873], [0.00045538, 13.31033718], [0.00045436, 150.05311773], [0.00045412, 50.0], [0.00045302, 4.77], [0.00045, 28.4916]], 'asks': [[0.00047176, 49.0], [0.00047177, 98.84980291], [0.00047664, 7.28775279], [0.00047665, 4.13650257], [0.00048429, 1.28597242], [0.00048431, 17.0], [0.0004925, 83.38229032], [0.000498, 6.72061839], [0.00049838, 33.41501164], [0.00049839, 2.58195339], [0.000499, 5.0], [0.00049977, 3.50385424], [0.0005, 1.0], [0.00050026, 1.0], [0.00050074, 10.0]], 'timestamp': 1711986990195, 'datetime': '2024-04-01T15:56:30.195Z', 'nonce': None}, 'ETH/BTC': {'symbol': 'ETH/BTC', 'bids': [[0.05067445, 0.02508059], [0.05063563, 0.07852524], [0.05053769, 0.03134969], [0.0505, 0.01], [0.05037001, 3.96071471], [0.05037, 0.09132499], [0.05036503, 1.1], [0.0503256, 0.0198706], [0.05032525, 0.04594752], [0.05028742, 0.16114919], [0.05019191, 0.697324], [0.0501919, 0.53372413], [0.05013857, 0.51108352], [0.05011433, 1.07203428], [0.05009401, 0.89243115]], 'asks': [[0.05082682, 1.09], [0.05082712, 0.48], [0.05083861, 1.9750716], [0.05085855, 0.25], [0.05118366, 0.01041874], [0.05129365, 0.03651168], [0.05170276, 0.01934133], [0.0518, 0.99991194], [0.0519, 1.0], [0.052, 0.3757157], [0.0520078, 0.01922789], [0.0522, 0.09122277], [0.0523, 1.9269906], [0.05239537, 0.01908566], [0.0524, 1.16645182]], 'timestamp': 1711986990260, 'datetime': '2024-04-01T15:56:30.260Z', 'nonce': None}, 'FCT2/BTC': {'symbol': 'FCT2/BTC', 'bids': [[9.5e-07, 71718.10247804], [9.4e-07, 14919.02659574], [9.3e-07, 3225.80645161], [9.2e-07, 77673.66410232], [9.1e-07, 25654.88709973], [9e-07, 3334.22222222], [8e-07, 4630.32198142], [6e-07, 50166.775], [5.9e-07, 1237.0], [5.7e-07, 1160.1], [5.6e-07, 51571.92857142], [3.6e-07, 5312.27777777], [3.5e-07, 6597.1717877], [2.4e-07, 2567.0], [2.3e-07, 4792.62608695]], 'asks': [[9.9e-07, 34425.89128344], [1e-06, 9874.88089755], [1.05e-06, 5681.13688586], [1.11e-06, 5000.0], [1.18e-06, 1209.73391089], [1.22e-06, 28666.46664781], [1.23e-06, 1030.92783505], [1.24e-06, 28666.46664781], [1.25e-06, 25120.99999999], [1.34e-06, 2899.61261261], [1.37e-06, 5419.13527341], [1.38e-06, 19913.52577498], [1.39e-06, 3000.0], [1.45e-06, 944.0], [1.49e-06, 2370.54446627]], 'timestamp': 1711986989840, 'datetime': '2024-04-01T15:56:29.840Z', 'nonce': None}, 'FIL/BTC': {'symbol': 'FIL/BTC', 'bids': [[0.00013395, 142.71697006], [0.00013394, 587.76547402], [0.00013393, 1056.88466425], [0.00013391, 78.02173306], [0.0001339, 28.00097087], [0.00013388, 1401.77253311], [0.00013329, 113.10710165], [0.00013327, 320.69704125], [0.00013326, 131.88841362], [0.00013323, 7.55500725], [0.0001332, 162.30826551], [0.0001331, 955.86154926], [0.00013304, 591.93956356], [0.00013303, 414.07055285], [0.00013302, 417.65836523]], 'asks': [[0.00013457, 1000.0], [0.00013458, 66.59278776], [0.0001346, 29.91437011], [0.0001348, 29.94796541], [0.00013493, 14.0667036], [0.000135, 189.96171084], [0.00013508, 14.0667036], [0.00013524, 73.233], [0.00013534, 73.89334053], [0.00013598, 20.3770467], [0.000136, 50.0], [0.00013604, 696.08059184], [0.000137, 50.0], [0.00013744, 15.28278503], [0.00013748, 200.73165979]], 'timestamp': 1711986990170, 'datetime': '2024-04-01T15:56:30.170Z', 'nonce': None}, 'FLOW/BTC': {'symbol': 'FLOW/BTC', 'bids': [[1.8e-05, 608.84012191], [1.794e-05, 557.41360089], [1.79e-05, 2003.91758035], [1.788e-05, 221.42876913], [1.785e-05, 221.84016416], [1.741e-05, 3917.24493269], [1.739e-05, 100.0], [1.725e-05, 842.60195483], [1.717e-05, 834.50895184], [1.704e-05, 615.94628948], [1.703e-05, 728.04659498], [1.7e-05, 615.94628948], [1.696e-05, 123.1954664], [1.687e-05, 1013.75666864], [1.68e-05, 1231.89257896]], 'asks': [[1.815e-05, 221.60050968], [1.818e-05, 221.93863396], [1.888e-05, 5253.416], [1.889e-05, 81.34490239], [1.892e-05, 515.4639176], [1.917e-05, 372.90900715], [1.922e-05, 156.04809122], [1.935e-05, 81.34490239], [1.946e-05, 52.02913632], [1.96e-05, 145.05002501], [1.966e-05, 81.52173913], [1.974e-05, 52.74572273], [2.022e-05, 96.61968424], [2.053e-05, 145.05002501], [2.142e-05, 479.75655398]], 'timestamp': 1711986990056, 'datetime': '2024-04-01T15:56:30.056Z', 'nonce': None}, 'FOR/BTC': {'symbol': 'FOR/BTC', 'bids': [[5.1e-07, 981343.0297547], [5e-07, 1342206.12814375], [4.9e-07, 940153.85875928], [4.8e-07, 179302.13674146], [4.7e-07, 234544.90364995], [4.6e-07, 74291.60793666], [4.5e-07, 185953.1222222], [4.4e-07, 207040.75991837], [4.3e-07, 273378.30021822], [4.2e-07, 165302.04761903], [4.1e-07, 256847.94512194], [4e-07, 178093.74219658], [3.9e-07, 204939.79487177], [3.8e-07, 182774.77027823], [3.7e-07, 139341.90200175]], 'asks': [[5.2e-07, 281220.04172675], [5.3e-07, 472549.68271074], [5.4e-07, 1282283.0216199], [5.5e-07, 150419.16389196], [5.6e-07, 460361.76347898], [5.7e-07, 1132131.09690209], [5.8e-07, 307776.15730394], [5.9e-07, 331747.62302476], [6e-07, 361024.06329085], [6.1e-07, 371593.10759544], [6.2e-07, 359311.26027878], [6.3e-07, 820374.10656387], [6.4e-07, 379265.99392142], [6.5e-07, 664387.11296143], [6.6e-07, 701957.13279225]], 'timestamp': 1711986783681, 'datetime': '2024-04-01T15:53:03.681Z', 'nonce': None}, 'FX/BTC': {'symbol': 'FX/BTC', 'bids': [[2.72e-06, 30203.1634923], [2.71e-06, 16611.5313653], [2.7e-06, 41127.99059056], [2.69e-06, 18743.26469411], [2.68e-06, 16428.92155037], [2.67e-06, 19708.45318351], [2.66e-06, 23459.4374074], [2.65e-06, 9409.11777159], [2.64e-06, 16180.08189988], [2.63e-06, 3876.47058823], [2.62e-06, 26033.23282441], [2.61e-06, 33850.73492113], [2.6e-06, 11589.32076109], [2.59e-06, 91188.7168342], [2.58e-06, 1538.03862436]], 'asks': [[2.77e-06, 63067.05486134], [2.78e-06, 10481.78450931], [2.79e-06, 243.00474866], [2.8e-06, 2300.0], [2.81e-06, 15001.77980191], [2.82e-06, 4283.95550753], [2.84e-06, 6372.92118814], [2.85e-06, 89766.74776967], [2.86e-06, 3636.36363636], [2.87e-06, 2508.22820757], [2.88e-06, 7827.05055542], [2.9e-06, 12183.65170224], [2.91e-06, 245.96374612], [2.92e-06, 2046.86892638], [2.93e-06, 4078.48572104]], 'timestamp': 1711986950566, 'datetime': '2024-04-01T15:55:50.566Z', 'nonce': None}, 'GAL/BTC': {'symbol': 'GAL/BTC', 'bids': [[6.724e-05, 67.253], [6.723e-05, 328.535], [6.708e-05, 10.0254025], [6.706e-05, 117.18400346], [6.69e-05, 1009.2308], [6.689e-05, 637.08014374], [6.687e-05, 164.08806009], [6.675e-05, 360.88831426], [6.62e-05, 231.346], [6.618e-05, 200.0], [6.579e-05, 881.993], [6.576e-05, 30.4136253], [6.501e-05, 8.0], [6.5e-05, 39.56392307], [6.465e-05, 300.0]], 'asks': [[6.808e-05, 218.902], [6.846e-05, 2145.24057537], [6.876e-05, 179.203], [6.877e-05, 41.35029801], [7.136e-05, 96.68249849], [7.139e-05, 661.28818939], [7.284e-05, 1200.0], [7.285e-05, 661.28818939], [7.29e-05, 1168.7349428], [7.304e-05, 147.31879787], [7.311e-05, 1963.03871447], [7.334e-05, 818.10744478], [7.4e-05, 819.17104595], [7.426e-05, 40.0], [7.477e-05, 757.65170761]], 'timestamp': 1711986990180, 'datetime': '2024-04-01T15:56:30.180Z', 'nonce': None}, 'GLM/BTC': {'symbol': 'GLM/BTC', 'bids': [[8.02e-06, 24875.46633416], [8.01e-06, 2496.87890137], [8e-06, 2500.0], [7.81e-06, 3792.169], [7.8e-06, 65.38461538], [7.78e-06, 1882.10617417], [7.74e-06, 2583.97932816], [7.65e-06, 8704.78776757], [7.61e-06, 3000.90370989], [7.53e-06, 2753.11239356], [7.3e-06, 439.72602738], [7.14e-06, 1300.0], [7.13e-06, 1000.0], [7.12e-06, 300.0], [6.95e-06, 107.91366906]], 'asks': [[8.3e-06, 9974.02545021], [8.45e-06, 8225.053], [8.46e-06, 87.9655727], [8.47e-06, 221.27157398], [8.56e-06, 127.90490139], [8.59e-06, 220.97819682], [8.62e-06, 1426.38500834], [8.74e-06, 221.79506136], [9.02e-06, 8000.0], [9.03e-06, 92.87592588], [9.14e-06, 300.0], [9.66e-06, 171.89827022], [9.85e-06, 5897.00650212], [1.017e-05, 471.47291626], [1.02e-05, 115.53914048]], 'timestamp': 1711986990030, 'datetime': '2024-04-01T15:56:30.030Z', 'nonce': None}, 'GLMR/BTC': {'symbol': 'GLMR/BTC', 'bids': [[6.63e-06, 8.73272691], [6.57e-06, 13201.48097412], [6.56e-06, 558.07031013], [6.55e-06, 1251.743], [6.54e-06, 1645.3206422], [6.53e-06, 1918.05631403], [6.52e-06, 26080.10236103], [6.51e-06, 10773.72529024], [6.5e-06, 900.0], [6.46e-06, 10000.0], [6.43e-06, 179.31570762], [6.41e-06, 10000.0], [6.4e-06, 9202.84269576], [6.38e-06, 519.43730407], [6.37e-06, 400.0]], 'asks': [[6.65e-06, 865.88850419], [6.66e-06, 2425.5843], [6.67e-06, 16976.83983804], [6.68e-06, 2157.67], [6.7e-06, 100.0], [6.74e-06, 1500.0], [6.8e-06, 100.0], [6.9e-06, 100.0], [6.98e-06, 73.0], [7e-06, 100.0], [7.01e-06, 111.54111068], [7.02e-06, 111.54111068], [7.03e-06, 72.0], [7.04e-06, 116.65371017], [7.09e-06, 72.0]], 'timestamp': 1711986989332, 'datetime': '2024-04-01T15:56:29.332Z', 'nonce': None}, 'GMT/BTC': {'symbol': 'GMT/BTC', 'bids': [[4.73e-06, 42177.85200845], [4.72e-06, 11596.59811737], [4.7e-06, 14566.15291867], [4.42e-06, 2000.0], [4.41e-06, 113.38095238], [4.39e-06, 308.44464692], [4.36e-06, 909.9], [4.3e-06, 232.55813953], [4.14e-06, 120.77536231], [4.04e-06, 148.51485148], [4.01e-06, 530.83459222], [4e-06, 200.0], [3.92e-06, 1011.0], [3.87e-06, 144.48890693], [3.85e-06, 1085.2504935]], 'asks': [[5.04e-06, 5563.38336183], [5.05e-06, 16586.145], [5.06e-06, 2319.16474195], [5.08e-06, 1570.68062836], [5.19e-06, 229.75954217], [5.54e-06, 257.56658094], [5.64e-06, 300.0], [6.02e-06, 487.37549236], [6.12e-06, 200.0], [6.4e-06, 2419.76003559], [6.42e-06, 2093.9704922], [6.45e-06, 4651.1627907], [6.79e-06, 882.10102533], [6.85e-06, 426.00599649], [6.95e-06, 300.0]], 'timestamp': 1711986990196, 'datetime': '2024-04-01T15:56:30.196Z', 'nonce': None}, 'GO/BTC': {'symbol': 'GO/BTC', 'bids': [[8e-08, 69362529.60213713], [7e-08, 42706263.75513568], [6e-08, 11097655.78509259], [5e-08, 7694066.83999996], [4e-08, 8889982.82072941], [3e-08, 7607399.76084786], [2e-08, 7925504.61514962], [1e-08, 17951127.6096758], [0.0, 0.0], [0.0, 0.0], [0.0, 0.0], [0.0, 0.0], [0.0, 0.0], [0.0, 0.0], [0.0, 0.0]], 'asks': [[9e-08, 11823698.36923784], [1e-07, 18928414.99898726], [1.1e-07, 25520375.75278562], [1.2e-07, 28418962.19483733], [1.3e-07, 17699006.0383147], [1.4e-07, 18983414.76629752], [1.5e-07, 20458821.17711245], [1.6e-07, 21859317.10942304], [1.7e-07, 20367038.9777663], [1.8e-07, 16464505.6476967], [1.9e-07, 13508177.36456601], [2e-07, 10905453.77942184], [2.1e-07, 7869757.31210362], [2.2e-07, 9977653.40694681], [2.3e-07, 5340169.487023]], 'timestamp': 1711986641571, 'datetime': '2024-04-01T15:50:41.571Z', 'nonce': None}, 'GRS/BTC': {'symbol': 'GRS/BTC', 'bids': [[9.19e-06, 39.58321776], [9.15e-06, 217.64590163], [9.1e-06, 21923.21318681], [9.09e-06, 3139.79], [9e-06, 111.11111111], [8.96e-06, 56.91964285], [8.94e-06, 2652.40754377], [8.93e-06, 3000.0], [8.91e-06, 1200.0], [8.89e-06, 1000.0], [8.88e-06, 1645.47441879], [8.84e-06, 7692.04937469], [8.83e-06, 2196.0429502], [8.71e-06, 1190.19873505], [8.2e-06, 60.97682926]], 'asks': [[9.43e-06, 12703.1244738], [9.67e-06, 542.49547929], [9.7e-06, 371.7243533], [9.81e-06, 4000.0], [9.82e-06, 327.02393472], [9.89e-06, 167.48548459], [1.05e-05, 575.80645161], [1.087e-05, 501.03183337], [1.092e-05, 300.0], [1.132e-05, 929.32373333], [1.199e-05, 300.0], [1.2e-05, 45.0], [1.23e-05, 100.39873728], [1.235e-05, 45.0], [1.24e-05, 300.0]], 'timestamp': 1711986989139, 'datetime': '2024-04-01T15:56:29.139Z', 'nonce': None}, 'GRT/BTC': {'symbol': 'GRT/BTC', 'bids': [[5.3e-06, 7879.51183226], [5.29e-06, 748.71314927], [5.28e-06, 6517.2286596], [5.25e-06, 5665.6472811], [5.24e-06, 97.32824427], [5.22e-06, 500.0], [5.2e-06, 300.0], [5.15e-06, 1235.85242718], [5.14e-06, 110878.05058365], [5.12e-06, 4943.77597544], [5.11e-06, 191.19715388], [5.1e-06, 13382.97422607], [5.08e-06, 3821.85507953], [5.05e-06, 3400.60990099], [5.01e-06, 500.0]], 'asks': [[5.36e-06, 858.81140501], [5.37e-06, 749.55495174], [5.38e-06, 748.22297044], [5.39e-06, 12400.81499166], [5.49e-06, 100.0], [5.5e-06, 806.1901528], [5.53e-06, 8366.93476842], [5.54e-06, 2857.14285724], [5.58e-06, 262.88117775], [5.59e-06, 273.67268747], [5.69e-06, 270.70925826], [5.77e-06, 525.11815158], [5.89e-06, 1000.0], [5.97e-06, 145.64469258], [6.07e-06, 500.0]], 'timestamp': 1711986987660, 'datetime': '2024-04-01T15:56:27.660Z', 'nonce': None}, 'GTC/BTC': {'symbol': 'GTC/BTC', 'bids': [[2.808e-05, 236.4075566], [2.805e-05, 1361.62290552], [2.796e-05, 6901.28837141], [2.795e-05, 2518.193], [2.794e-05, 2000.0], [2.793e-05, 2201.493], [2.792e-05, 142.4070349], [2.79e-05, 35.8422939], [2.789e-05, 1892.46749804], [2.788e-05, 142.26521793], [2.78e-05, 218.0], [2.779e-05, 1121.24909962], [2.772e-05, 39.0], [2.771e-05, 100.0], [2.768e-05, 189.24619029]], 'asks': [[2.818e-05, 170.0004607], [2.819e-05, 287.30604947], [2.832e-05, 142.19694276], [2.836e-05, 142.34368883], [2.847e-05, 500.0], [2.849e-05, 941.43360874], [2.853e-05, 964.02268647], [2.854e-05, 176.0], [2.861e-05, 800.0], [2.862e-05, 865.78199245], [2.9e-05, 77.33011272], [3e-05, 20.0], [3.05e-05, 5573.91992345], [3.051e-05, 4272.14799747], [3.07e-05, 106.11956137]], 'timestamp': 1711986990460, 'datetime': '2024-04-01T15:56:30.460Z', 'nonce': None}, 'HBD/BTC': {'symbol': 'HBD/BTC', 'bids': [[1.417e-05, 404.16834853], [1.415e-05, 842.47966655], [1.414e-05, 3748.95928495], [1.413e-05, 2648.18692005], [1.396e-05, 518.36168889], [1.392e-05, 711.62467394], [1.388e-05, 4130.85614425], [1.387e-05, 1150.86328878], [1.386e-05, 956.22055971], [1.362e-05, 344.63230543], [1.357e-05, 8.82891791], [1.356e-05, 37.61061946], [1.355e-05, 7555.53382809], [1.354e-05, 77.66617429], [1.353e-05, 37.6940133]], 'asks': [[1.438e-05, 48.36313918], [1.444e-05, 119.97482681], [1.457e-05, 403.35933327], [1.459e-05, 185.012416], [1.466e-05, 105.95940825], [1.473e-05, 672.014], [1.482e-05, 209.30881152], [1.483e-05, 675.89184129], [1.484e-05, 343.032291], [1.485e-05, 152.458796], [1.486e-05, 371.65603995], [1.491e-05, 317.53238179], [1.492e-05, 300.0], [1.498e-05, 837.23524608], [1.499e-05, 42.78972897]], 'timestamp': 1711986061561, 'datetime': '2024-04-01T15:41:01.561Z', 'nonce': None}, 'HIFI/BTC': {'symbol': 'HIFI/BTC', 'bids': [[1.613e-05, 12368.33477991], [1.612e-05, 2745.851], [1.609e-05, 431.31940228], [1.584e-05, 614.62814996], [1.566e-05, 4308.7953593], [1.551e-05, 684.14185124], [1.549e-05, 137.01346945], [1.535e-05, 1356.96424892], [1.533e-05, 1010.24946488], [1.531e-05, 934.04492113], [1.528e-05, 1000.0], [1.527e-05, 1053.22286947], [1.351e-05, 1000.0], [1.35e-05, 700.0], [1.276e-05, 1000.0]], 'asks': [[1.738e-05, 7350.749], [1.739e-05, 42.60613227], [1.74e-05, 97.81523203], [1.745e-05, 1000.0], [1.754e-05, 4533.10173448], [1.77e-05, 76.62835249], [1.771e-05, 114.85451761], [1.799e-05, 229.97320359], [1.852e-05, 29.24311927], [1.853e-05, 1263.49416714], [1.865e-05, 90.50587544], [1.878e-05, 150.0], [1.916e-05, 29.49412456], [1.977e-05, 100.0], [2.11e-05, 7477.35900126]], 'timestamp': 1711986989890, 'datetime': '2024-04-01T15:56:29.890Z', 'nonce': None}, 'HIVE/BTC': {'symbol': 'HIVE/BTC', 'bids': [[5.72e-06, 34877.83916083], [5.71e-06, 2301.33533517], [5.7e-06, 89.47368421], [5.69e-06, 89.63093145], [5.64e-06, 90.42553191], [5.6e-06, 91.07142857], [5.57e-06, 2000.0], [5.53e-06, 2617.40364028], [5.51e-06, 3489.87152038], [5.49e-06, 92.89617486], [5.46e-06, 12214.30394101], [5.37e-06, 94.97206703], [5.3e-06, 188.67924528], [5.23e-06, 295.936547], [5.2e-06, 696.15576923]], 'asks': [[5.85e-06, 8298.23918434], [6.07e-06, 284.25241615], [6.08e-06, 610.53174898], [6.16e-06, 746.26865672], [6.34e-06, 79.0], [6.36e-06, 1000.0], [6.39e-06, 5863.55265247], [6.4e-06, 564.27992247], [7.05e-06, 250.0], [7.11e-06, 400.0], [7.31e-06, 250.0], [7.32e-06, 108.0], [7.33e-06, 90.9090909], [7.38e-06, 3383.03389831], [7.99e-06, 108.0]], 'timestamp': 1711986989979, 'datetime': '2024-04-01T15:56:29.979Z', 'nonce': None}, 'HPO/BTC': {'symbol': 'HPO/BTC', 'bids': [[1.41e-06, 8092.19858156], [1.4e-06, 35109.56732717], [1.36e-06, 75033.08423062], [1.34e-06, 25061.81145154], [1.32e-06, 26414.67919406], [1.31e-06, 4770.99999999], [1.3e-06, 1930.76923076], [1.29e-06, 1270.32751937], [1.28e-06, 1179.6875], [1.27e-06, 10401.57480314], [1.26e-06, 10404.76190476], [1.25e-06, 3408.0], [1.24e-06, 411.29032258], [1.23e-06, 986.45528455], [1.22e-06, 418.03278688]], 'asks': [[1.46e-06, 54075.12223477], [1.5e-06, 5769.29415016], [1.53e-06, 3296.54054742], [1.54e-06, 8489.80784607], [1.56e-06, 2283.97709358], [1.57e-06, 49544.61139755], [1.75e-06, 3337.05081434], [1.94e-06, 2027.02702702], [1.95e-06, 19230.76923078], [1.98e-06, 1524.82419082], [2e-06, 390.0], [2.05e-06, 2529.80266156], [2.07e-06, 3583.96311002], [2.1e-06, 3337.05081434], [2.2e-06, 1161.0]], 'timestamp': 1711986742740, 'datetime': '2024-04-01T15:52:22.740Z', 'nonce': None}, 'HUNT/BTC': {'symbol': 'HUNT/BTC', 'bids': [[6.86e-06, 29081.81341107], [6.85e-06, 8971.2191115], [6.66e-06, 1591.93158245], [6.6e-06, 346.82045454], [6.59e-06, 2000.0], [6.54e-06, 10332.07282044], [6.33e-06, 227.51895734], [5.74e-06, 381.71991623], [5.64e-06, 106.38297872], [5.63e-06, 532.85968028], [5.24e-06, 4000.0], [5.23e-06, 421.042065], [5.2e-06, 800.0], [5.07e-06, 282.64447362], [5.01e-06, 99.8023952]], 'asks': [[7.1e-06, 17098.70602612], [7.38e-06, 680.27210885], [7.74e-06, 6271.00711667], [7.75e-06, 195193.15972443], [7.98e-06, 300.0], [8.4e-06, 305.31816644], [8.41e-06, 200.0], [8.8e-06, 200.0], [8.83e-06, 205.29691676], [9.15e-06, 185.10655665], [9.48e-06, 108.0], [9.49e-06, 281.83969869], [9.5e-06, 55.0], [9.61e-06, 2226.89661285], [9.72e-06, 2000.0]], 'timestamp': 1711986961485, 'datetime': '2024-04-01T15:56:01.485Z', 'nonce': None}, 'ID/BTC': {'symbol': 'ID/BTC', 'bids': [[1.372e-05, 14540.90670553], [1.371e-05, 6206.08020164], [1.368e-05, 289.68713789], [1.366e-05, 290.28629485], [1.361e-05, 9798.55641303], [1.359e-05, 118.86159729], [1.356e-05, 229.99831074], [1.351e-05, 2488.61584], [1.35e-05, 740.74074074], [1.342e-05, 1000.0], [1.341e-05, 59.92104005], [1.335e-05, 5122.30378393], [1.333e-05, 906.59714928], [1.314e-05, 406.33607305], [1.302e-05, 952.93508587]], 'asks': [[1.385e-05, 1899.51400704], [1.388e-05, 289.92860508], [1.39e-05, 290.25469849], [1.407e-05, 4234.648], [1.408e-05, 196.24308649], [1.435e-05, 900.00000003], [1.467e-05, 188.28496], [1.473e-05, 3072.6538337], [1.479e-05, 666.96125337], [1.501e-05, 74.82801268], [1.504e-05, 66.2836942], [1.505e-05, 66.16674019], [1.51e-05, 35.0], [1.548e-05, 33.0], [1.551e-05, 354.42825854]], 'timestamp': 1711986988220, 'datetime': '2024-04-01T15:56:28.220Z', 'nonce': None}, 'IMX/BTC': {'symbol': 'IMX/BTC', 'bids': [[4.146e-05, 1623.74541831], [4.14e-05, 96.13420334], [4.137e-05, 872.32276558], [4.134e-05, 96.0142101], [4.121e-05, 30.0], [4.118e-05, 255.58165934], [4.11e-05, 50.0], [4.1e-05, 54.3902439], [4.081e-05, 50.0], [4.076e-05, 99.79809273], [4.07e-05, 245.7002457], [4.034e-05, 128.25595901], [4.019e-05, 1698.60609084], [4.005e-05, 124.84394506], [4e-05, 433.48678304]], 'asks': [[4.19e-05, 1891.55906476], [4.192e-05, 894.6140893], [4.194e-05, 96.05225242], [4.2e-05, 935.41127978], [4.329e-05, 3014.367], [4.33e-05, 0.17185675], [4.337e-05, 427.96005712], [4.418e-05, 7995.8542155], [4.419e-05, 35.02218071], [4.457e-05, 37.63171099], [4.539e-05, 1224.93823423], [4.551e-05, 50.0], [4.56e-05, 155.51880659], [4.61e-05, 12.87508399], [4.627e-05, 50.0]], 'timestamp': 1711986989775, 'datetime': '2024-04-01T15:56:29.775Z', 'nonce': None}, 'INJ/BTC': {'symbol': 'INJ/BTC', 'bids': [[0.0005, 4.95899745], [0.00049701, 5.89258927], [0.0004965, 8.02463563], [0.00049582, 20.54313239], [0.0004957, 20.17349203], [0.00049478, 47.326], [0.00049477, 243.83120649], [0.00049449, 1.77015044], [0.00049413, 72.493], [0.00049411, 2.021817], [0.0004939, 1.5], [0.00049373, 1.03295323], [0.00049368, 24.96821443], [0.00049367, 7.99865485], [0.00049366, 10.0]], 'asks': [[0.00050317, 50.0], [0.0005032, 40.0], [0.00050322, 5.43045246], [0.00050325, 8.0307578], [0.00050397, 4.05151889], [0.000504, 8.0414941], [0.00050487, 16.5], [0.0005085, 144.72863071], [0.00052292, 4.7661768], [0.00053072, 115.27728489], [0.000531, 13.1530823], [0.00053505, 0.94], [0.00053508, 140.84285306], [0.00053612, 2.0], [0.000539, 0.92764379]], 'timestamp': 1711986990475, 'datetime': '2024-04-01T15:56:30.475Z', 'nonce': None}, 'INTER/BTC': {'symbol': 'INTER/BTC', 'bids': [[3.692e-05, 60.36020458], [3.691e-05, 23.08668858], [3.688e-05, 23.2213937], [3.686e-05, 121.65024416], [3.639e-05, 22.63341577], [3.636e-05, 104.48584551], [3.622e-05, 137.36381833], [3.62e-05, 284.09143645], [3.614e-05, 20.0], [3.613e-05, 20.0], [3.606e-05, 20.0], [3.586e-05, 66.42803893], [3.582e-05, 1042.40724455], [3.544e-05, 2647.65541], [3.543e-05, 2661.67795653]], 'asks': [[3.769e-05, 29.80703636], [3.77e-05, 120.88447288], [3.772e-05, 31.12646595], [3.781e-05, 48.20729462], [3.784e-05, 86.08169701], [3.803e-05, 2682.40343347], [3.94e-05, 129.12254551], [3.952e-05, 237.51992055], [3.954e-05, 59.37998014], [3.955e-05, 44.5349851], [3.956e-05, 33.40123883], [3.963e-05, 25.23340904], [3.965e-05, 522.35298561], [3.98e-05, 130.50208396], [4.079e-05, 18.0]], 'timestamp': 1711986990040, 'datetime': '2024-04-01T15:56:30.040Z', 'nonce': None}, 'IOST/BTC': {'symbol': 'IOST/BTC', 'bids': [[1.6e-07, 1545816.7498024], [1.5e-07, 1144064.76826259], [1.4e-07, 154714.35714285], [1.3e-07, 148000.0], [1.2e-07, 207124.66166666], [1.1e-07, 395019.2360009], [1e-07, 42555.5], [9e-08, 94941.26666666], [8e-08, 213416.875], [7e-08, 65644.0], [6e-08, 265088.91666666], [5e-08, 149750.62344139], [4e-08, 259421.35], [3e-08, 662801.66666666], [2e-08, 4308813.46633415]], 'asks': [[1.7e-07, 86115.13234301], [1.8e-07, 561719.57], [1.9e-07, 20026.84506333], [2e-07, 27132.66761768], [2.1e-07, 369298.78530219], [2.2e-07, 12764.26470588], [2.3e-07, 28200.0], [2.4e-07, 170797.84054276], [2.5e-07, 37517.82204838], [2.6e-07, 69177.0040171], [2.7e-07, 90143.17235161], [2.8e-07, 82020.18551116], [2.9e-07, 136371.97867125], [3e-07, 169143.44194682], [3.1e-07, 139265.40371544]], 'timestamp': 1711986451185, 'datetime': '2024-04-01T15:47:31.185Z', 'nonce': None}, 'IOTX/BTC': {'symbol': 'IOTX/BTC', 'bids': [[1.03e-06, 197466.11791061], [1.02e-06, 391319.20788402], [1.01e-06, 818946.16901947], [1e-06, 241883.60130423], [9.9e-07, 150188.80396846], [9.8e-07, 1307342.56486205], [9.7e-07, 90479.98702604], [9.6e-07, 3520.84375], [9.5e-07, 39574.40871505], [9.4e-07, 10532.9787234], [9.3e-07, 4836.51090016], [9.2e-07, 94445.95652173], [9.1e-07, 24208.79120879], [9e-07, 9946.11111111], [8.9e-07, 24235.95505617]], 'asks': [[1.05e-06, 235702.50253904], [1.06e-06, 63290.36971264], [1.07e-06, 2520.99611754], [1.08e-06, 5220.38660324], [1.09e-06, 4933.76605676], [1.1e-06, 15782.95300164], [1.11e-06, 4922.02326784], [1.12e-06, 488771.66384812], [1.13e-06, 108593.06220885], [1.14e-06, 446160.05626522], [1.15e-06, 248410.44195887], [1.16e-06, 213849.91370053], [1.17e-06, 173275.61982922], [1.18e-06, 348790.67345132], [1.19e-06, 98496.01668961]], 'timestamp': 1711986987116, 'datetime': '2024-04-01T15:56:27.116Z', 'nonce': None}, 'IQ/BTC': {'symbol': 'IQ/BTC', 'bids': [[1.9e-07, 130.15915306], [1.8e-07, 1257122.46229367], [1.7e-07, 469978.45198802], [1.6e-07, 98799.68827929], [1.5e-07, 102166.66666666], [1.4e-07, 215853.5382971], [1.3e-07, 63424.01688085], [1.2e-07, 98762.01163756], [1.1e-07, 38551.54545454], [1e-07, 83088.5], [9e-08, 104574.53333333], [8e-08, 294595.47646507], [7e-08, 121435.71428571], [6e-08, 291095.90565253], [5e-08, 385479.90024937]], 'asks': [[2e-07, 565052.66397095], [2.1e-07, 376765.51292879], [2.2e-07, 73903.05078806], [2.3e-07, 2538.44283866], [2.4e-07, 129024.99096949], [2.5e-07, 147137.07001009], [2.6e-07, 98302.21361533], [2.7e-07, 10000.0], [2.8e-07, 52986.02708709], [2.9e-07, 100700.85622102], [3e-07, 276000.24582851], [3.1e-07, 268194.93763437], [3.2e-07, 83444.76610987], [3.3e-07, 97086.07850701], [3.4e-07, 193854.83033676]], 'timestamp': 1711986842559, 'datetime': '2024-04-01T15:54:02.559Z', 'nonce': None}, 'JST/BTC': {'symbol': 'JST/BTC', 'bids': [[5.5e-07, 86718.86945455], [5.4e-07, 24780.85134609], [5.3e-07, 19410.19150237], [5.2e-07, 165590.11437374], [5.1e-07, 26841.54469868], [4.9e-07, 1149.65647106], [4.8e-07, 10000.0], [4.5e-07, 1133.33333333], [4.3e-07, 2325.58139534], [4.2e-07, 2000.0], [4.1e-07, 1219.53658536], [4e-07, 1275.0], [3.9e-07, 9650.0], [3.8e-07, 33662.70188403], [3.5e-07, 4457.14285714]], 'asks': [[5.7e-07, 153183.40167008], [5.9e-07, 9896.18686861], [6e-07, 4692.88656941], [6.1e-07, 24487.78414293], [6.2e-07, 95614.88854598], [6.5e-07, 47296.2432916], [6.8e-07, 1125.09944547], [6.9e-07, 46685.06668259], [7e-07, 728.57142857], [7.3e-07, 1582.3628021], [7.5e-07, 16392.77263942], [8.2e-07, 13976.28531411], [8.4e-07, 2230.72397292], [8.6e-07, 2000.0], [8.7e-07, 2321.9137931]], 'timestamp': 1711986659166, 'datetime': '2024-04-01T15:50:59.166Z', 'nonce': None}, 'JUV/BTC': {'symbol': 'JUV/BTC', 'bids': [[4.039e-05, 18.58388147], [4.015e-05, 141.14184308], [4.004e-05, 227.082], [4.002e-05, 150.0], [4e-05, 41.93915211], [3.999e-05, 15.00375093], [3.98e-05, 120.0], [3.974e-05, 25.16356316], [3.97e-05, 120.0], [3.968e-05, 200.0], [3.967e-05, 77.02602722], [3.966e-05, 60.0], [3.91e-05, 627.788], [3.881e-05, 20.0], [3.877e-05, 96.19876025]], 'asks': [[4.128e-05, 150.0], [4.133e-05, 500.0], [4.146e-05, 54.82289757], [4.212e-05, 44.1703125], [4.233e-05, 91.74158031], [4.409e-05, 238.72045834], [4.413e-05, 237.27437712], [4.424e-05, 2863.16877919], [4.428e-05, 23.42807104], [4.44e-05, 28.0], [4.45e-05, 100.0], [4.492e-05, 34.33711007], [4.495e-05, 53.09314653], [4.496e-05, 6077.9376263], [4.5e-05, 358.40305456]], 'timestamp': 1711986989280, 'datetime': '2024-04-01T15:56:29.280Z', 'nonce': None}, 'KAVA/BTC': {'symbol': 'KAVA/BTC', 'bids': [[1.51e-05, 13212.002649], [1.509e-05, 1874.41395406], [1.505e-05, 164.18985798], [1.466e-05, 1004.93937753], [1.454e-05, 739.04572816], [1.449e-05, 200.0], [1.371e-05, 289.1], [1.334e-05, 182.0], [1.333e-05, 37.51012753], [1.301e-05, 400.0], [1.3e-05, 76.92307692], [1.29e-05, 560.0], [1.234e-05, 821.2], [1.233e-05, 243.30900243], [1.229e-05, 40.73055765]], 'asks': [[1.591e-05, 5097.30563166], [1.604e-05, 114.32926829], [1.617e-05, 100.0], [1.618e-05, 100.0], [1.622e-05, 172.32978263], [1.64e-05, 6940.51929515], [1.641e-05, 112.19147345], [1.687e-05, 416.40666944], [1.761e-05, 69.67628627], [1.824e-05, 823.3077591], [1.893e-05, 1148.50348391], [1.9e-05, 205.3901761], [1.95e-05, 1538.46153847], [2.1e-05, 200.0], [2.13e-05, 63.55998891]], 'timestamp': 1711986976745, 'datetime': '2024-04-01T15:56:16.745Z', 'nonce': None}, 'LINK/BTC': {'symbol': 'LINK/BTC', 'bids': [[0.0002632, 0.79361393], [0.00026271, 10.0], [0.0002627, 19.9363266], [0.00026132, 104.0], [0.00026131, 117.97590155], [0.00026087, 6.95499674], [0.00026005, 1.96116131], [0.00026003, 35.0], [0.00026001, 5.0], [0.00026, 229.83136153], [0.00025915, 7.7175381], [0.00025889, 13.31396538], [0.00025872, 113.31104089], [0.00025816, 10.23257109], [0.00025773, 5.0]], 'asks': [[0.00026501, 138.35172404], [0.00026668, 204.074], [0.00026669, 107.39590231], [0.00026978, 2.85116567], [0.00026982, 74.91495551], [0.00027621, 2.39778056], [0.000278, 124.01729614], [0.00027921, 5.48646672], [0.00027928, 5.50458715], [0.00027955, 7.56784287], [0.0002814, 5.52486188], [0.00028419, 11.47008598], [0.00029, 23.48433626], [0.0002935, 3.35066223], [0.00029719, 20.0]], 'timestamp': 1711986984020, 'datetime': '2024-04-01T15:56:24.020Z', 'nonce': None}, 'LOOM/BTC': {'symbol': 'LOOM/BTC', 'bids': [[1.57e-06, 181188.23739701], [1.56e-06, 65946.055], [1.52e-06, 44102.82258064], [1.51e-06, 23414.50949996], [1.48e-06, 1385.39042821], [1.43e-06, 1398.6013986], [1.41e-06, 354.61702127], [1.4e-06, 7714.28571428], [1.37e-06, 1940.13576642], [1.35e-06, 34267.32428188], [1.32e-06, 1967.0], [1.14e-06, 2547.9643], [1.11e-06, 12669.84790276], [1.1e-06, 637.80548628], [9.1e-07, 2000.0]], 'asks': [[1.65e-06, 76545.16811272], [1.66e-06, 2308.98744042], [1.67e-06, 1053.37078651], [1.71e-06, 703.23488045], [1.75e-06, 20462.38119622], [1.77e-06, 3000.0], [1.83e-06, 500.78660382], [1.96e-06, 12886.59793814], [2e-06, 13476.05151899], [2.04e-06, 253.0], [2.09e-06, 5965.42130829], [2.13e-06, 1000.0], [2.15e-06, 2707.31985556], [2.16e-06, 837.01492537], [2.25e-06, 267.0]], 'timestamp': 1711986909059, 'datetime': '2024-04-01T15:55:09.059Z', 'nonce': None}, 'LPT/BTC': {'symbol': 'LPT/BTC', 'bids': [[0.00025349, 5.0], [0.00025301, 27.65989548], [0.000253, 140.59751718], [0.00025272, 66.439], [0.0002527, 15.70105197], [0.00025234, 61.439], [0.00025232, 15.73130923], [0.00025222, 8.73425977], [0.00025199, 293.242], [0.00025197, 85.28750178], [0.00025186, 87.36071544], [0.00025074, 25.1266338], [0.00025001, 180.0], [0.00025, 315.9432], [0.00024999, 20.0]], 'asks': [[0.00025641, 363.49395729], [0.00025644, 125.0], [0.00025645, 28.15836231], [0.0002565, 15.71462245], [0.00025688, 15.72821642], [0.00025784, 11.56338518], [0.00025933, 30.78], [0.00026276, 4.62535408], [0.00027034, 112.90979129], [0.00027901, 5.0], [0.000285, 16.0680182], [0.00028668, 5.0], [0.00028757, 2.0], [0.00028958, 10.0], [0.00029, 48.65028288]], 'timestamp': 1711986988720, 'datetime': '2024-04-01T15:56:28.720Z', 'nonce': None}, 'LRC/BTC': {'symbol': 'LRC/BTC', 'bids': [[5.27e-06, 3143.22732069], [5.25e-06, 7059.56656172], [5.24e-06, 26392.02823649], [5.23e-06, 996.51434034], [5.22e-06, 1027.63400733], [5.2e-06, 3743.32075614], [5.19e-06, 1266.35873749], [5.18e-06, 608.69247104], [5.17e-06, 1934.23597678], [5.15e-06, 479.14388785], [5.13e-06, 11219.284], [5.12e-06, 100.0], [5.11e-06, 10100.0], [5.1e-06, 550.0], [5.09e-06, 2188.67924528]], 'asks': [[5.33e-06, 25729.07988277], [5.35e-06, 1970.47619552], [5.36e-06, 950.0], [5.37e-06, 950.0], [5.38e-06, 5195.40242422], [5.4e-06, 300.0], [5.47e-06, 91.40767825], [5.5e-06, 300.0], [5.54e-06, 90.6], [5.56e-06, 582.6895416], [5.57e-06, 90.0], [5.58e-06, 583.7795931], [5.6e-06, 300.0], [5.61e-06, 583.7795931], [5.63e-06, 515.81889567]], 'timestamp': 1711986988501, 'datetime': '2024-04-01T15:56:28.501Z', 'nonce': None}, 'LSK/BTC': {'symbol': 'LSK/BTC', 'bids': [[2.706e-05, 4.66018483], [2.664e-05, 202.32882882], [2.658e-05, 7505.68999247], [2.657e-05, 643.57610863], [2.65e-05, 30.0], [2.606e-05, 94.26242517], [2.603e-05, 206.03772934], [2.587e-05, 77.30962504], [2.573e-05, 558.71522673], [2.5e-05, 40.0], [2.484e-05, 60.53140096], [2.4e-05, 21.0], [2.3e-05, 22.0], [2.234e-05, 22.38182632], [2.231e-05, 33.50878742]], 'asks': [[2.763e-05, 3564.91149433], [2.806e-05, 59.2651126], [2.865e-05, 133.45143179], [2.976e-05, 1500.0], [2.977e-05, 95.33981517], [2.992e-05, 52.46439379], [3.112e-05, 118.15126633], [3.134e-05, 52.46439379], [3.149e-05, 47.9706574], [3.165e-05, 73.01955808], [3.299e-05, 47.97065741], [3.373e-05, 165.01650165], [3.439e-05, 45.12225551], [3.458e-05, 100.0], [3.5e-05, 714.28571428]], 'timestamp': 1711986960719, 'datetime': '2024-04-01T15:56:00.719Z', 'nonce': None}, 'MAGIC/BTC': {'symbol': 'MAGIC/BTC', 'bids': [[1.526e-05, 6871.9677781], [1.524e-05, 460.67312034], [1.523e-05, 365.891], [1.521e-05, 2000.0], [1.518e-05, 1021.10917972], [1.517e-05, 124.77554383], [1.516e-05, 1216.15780403], [1.513e-05, 287.9482253], [1.511e-05, 2000.0], [1.506e-05, 262.81407035], [1.503e-05, 726.725], [1.501e-05, 2200.0], [1.5e-05, 1429.98254363], [1.499e-05, 200.0], [1.495e-05, 60.0]], 'asks': [[1.536e-05, 2173.46405566], [1.541e-05, 6027.33494914], [1.546e-05, 1631.17252891], [1.549e-05, 1498.02449772], [1.55e-05, 3253.20259042], [1.551e-05, 1438.43286924], [1.552e-05, 388.66725842], [1.607e-05, 259.2133224], [1.649e-05, 30.4], [1.664e-05, 526.58376197], [1.668e-05, 456.58376197], [1.67e-05, 507.95759852], [1.682e-05, 75.85923018], [1.685e-05, 1663.0], [1.686e-05, 1134.33672668]], 'timestamp': 1711986988859, 'datetime': '2024-04-01T15:56:28.859Z', 'nonce': None}, 'MANA/BTC': {'symbol': 'MANA/BTC', 'bids': [[8.92e-06, 1001.88195128], [8.91e-06, 117.77962501], [8.9e-06, 17731.51708565], [8.89e-06, 3120.86836549], [8.87e-06, 112.73957158], [8.72e-06, 173.16513761], [8.71e-06, 114.81056257], [8.67e-06, 2258.29670545], [8.56e-06, 7900.92796173], [8.55e-06, 58.48070175], [8.48e-06, 1230.71139594], [8.46e-06, 243.40799158], [8.37e-06, 2435.0829035], [8.36e-06, 1678.24281264], [8.3e-06, 720.48192771]], 'asks': [[9.2e-06, 7399.70788208], [9.46e-06, 173.59101956], [9.5e-06, 99.76541612], [9.55e-06, 699.30069934], [9.64e-06, 159.72739857], [9.66e-06, 115.47344111], [9.75e-06, 173.61111111], [9.79e-06, 173.59101957], [9.81e-06, 355.73990676], [9.82e-06, 940.78535193], [9.87e-06, 4215.72145833], [1.026e-05, 59.21464807], [1.03e-05, 500.0], [1.036e-05, 229.20118014], [1.049e-05, 968.99224806]], 'timestamp': 1711986989341, 'datetime': '2024-04-01T15:56:29.341Z', 'nonce': None}, 'MASK/BTC': {'symbol': 'MASK/BTC', 'bids': [[8.075e-05, 2507.75529412], [8.074e-05, 91.51], [8.029e-05, 1044.843], [7.973e-05, 12.54233036], [7.787e-05, 188.47758043], [7.706e-05, 877.49448868], [7.653e-05, 301.87386082], [7.652e-05, 666.0], [7.648e-05, 0.08226279], [7.617e-05, 27.6525682], [7.612e-05, 629.88417028], [7.579e-05, 7.91661169], [7.547e-05, 465.72297765], [7.527e-05, 132.85505513], [7.3e-05, 13.69863013]], 'asks': [[8.453e-05, 1247.815], [8.454e-05, 1214.46827912], [8.455e-05, 1059.2206893], [8.523e-05, 23.3576596], [8.683e-05, 89.55223889], [8.684e-05, 24.11575564], [8.698e-05, 23.99232247], [8.744e-05, 16.02820966], [8.749e-05, 91.33395951], [8.839e-05, 23.52941176], [8.841e-05, 23.52572147], [8.905e-05, 30.0], [8.907e-05, 28.125], [9e-05, 7.0], [9.1e-05, 133.26669998]], 'timestamp': 1711986990460, 'datetime': '2024-04-01T15:56:30.460Z', 'nonce': None}, 'MATIC/BTC': {'symbol': 'MATIC/BTC', 'bids': [[1.374e-05, 2.39859865], [1.367e-05, 109.94422091], [1.366e-05, 37.0], [1.365e-05, 5714.66736089], [1.364e-05, 76222.17341922], [1.363e-05, 254.57852068], [1.36e-05, 200.0], [1.35e-05, 40.0], [1.346e-05, 100.0], [1.345e-05, 194.26233037], [1.342e-05, 328.88056921], [1.328e-05, 512.0], [1.3e-05, 116.92307692], [1.298e-05, 5126.07395826], [1.297e-05, 799.72315038]], 'asks': [[1.381e-05, 4908.62125916], [1.382e-05, 4927.24998906], [1.404e-05, 90.00150086], [1.427e-05, 749.04955613], [1.451e-05, 967.26616358], [1.454e-05, 105.4111033], [1.47e-05, 1351.01351351], [1.483e-05, 102.13648897], [1.486e-05, 102.13648897], [1.491e-05, 766.87069067], [1.498e-05, 200.0], [1.505e-05, 150.0], [1.522e-05, 223.53834482], [1.539e-05, 140.78157692], [1.561e-05, 63.87925052]], 'timestamp': 1711986942020, 'datetime': '2024-04-01T15:55:42.020Z', 'nonce': None}, 'MED/BTC': {'symbol': 'MED/BTC', 'bids': [[2.2e-07, 830.83827637], [2.1e-07, 1662978.23511483], [2e-07, 253296.06336958], [1.9e-07, 5263.15789473], [1.8e-07, 50684.44444443], [1.7e-07, 12411.76470587], [1.6e-07, 29113.140625], [1.5e-07, 46906.66666666], [1.4e-07, 7142.85714285], [1.3e-07, 4000.0], [1.2e-07, 120441.55286782], [1.1e-07, 106004.75], [1e-07, 37798.00498753], [9e-08, 61122.16666666], [8e-08, 54642.5625]], 'asks': [[2.3e-07, 406770.75595741], [2.4e-07, 46317.04724423], [2.5e-07, 22087.54570036], [2.6e-07, 22108.94654667], [2.7e-07, 124815.04962029], [2.8e-07, 8777.95388188], [3e-07, 63751.4071002], [3.1e-07, 20870.0385288], [3.2e-07, 21293.50060659], [3.3e-07, 12800.0], [3.4e-07, 3999.0], [3.5e-07, 1500.0], [3.6e-07, 2365.0], [3.7e-07, 1890.0], [3.8e-07, 56179.0892857]], 'timestamp': 1711986462800, 'datetime': '2024-04-01T15:47:42.800Z', 'nonce': None}, 'META/BTC': {'symbol': 'META/BTC', 'bids': [[6.7e-07, 12871.69241529], [6.6e-07, 114592.651], [6.5e-07, 22171.49434107], [6.3e-07, 121406.43088542], [6.2e-07, 26231.57433029], [6e-07, 21000.0], [5.9e-07, 1694.91525423], [5.4e-07, 1189.64954128], [5.3e-07, 12156.07547169], [5.2e-07, 15660.32994436], [5.1e-07, 4027.36764705], [5e-07, 10000.0], [4.8e-07, 12057.35660847], [4.3e-07, 2048.0], [4.2e-07, 1214.28571428]], 'asks': [[6.9e-07, 265279.76985668], [7.1e-07, 1121.79329483], [7.2e-07, 8823.52941184], [7.3e-07, 2467.10526316], [8e-07, 653.75], [8.1e-07, 150084.97841994], [8.3e-07, 738.42054367], [8.7e-07, 580.0], [8.9e-07, 33898.30508475], [9.1e-07, 738.42054367], [9.6e-07, 4412.49047147], [9.8e-07, 13837.0081441], [9.9e-07, 4000.0], [1e-06, 671.05263157], [1.09e-06, 4340.97461503]], 'timestamp': 1711986320420, 'datetime': '2024-04-01T15:45:20.420Z', 'nonce': None}, 'MINA/BTC': {'symbol': 'MINA/BTC', 'bids': [[1.661e-05, 12010.91149909], [1.66e-05, 1060.24096385], [1.658e-05, 5351.93561048], [1.656e-05, 1395.68478259], [1.65e-05, 60.6060606], [1.64e-05, 60.97560975], [1.638e-05, 242.28374288], [1.637e-05, 100.0], [1.63e-05, 61.34969325], [1.62e-05, 61.72839506], [1.61e-05, 62.11180124], [1.602e-05, 4229.21448322], [1.579e-05, 779.93198993], [1.572e-05, 663.89420423], [1.565e-05, 39.28772318]], 'asks': [[1.736e-05, 5286.34353842], [1.737e-05, 300.00000013], [1.755e-05, 2317.60572204], [1.756e-05, 271.59152634], [1.774e-05, 3000.0], [1.775e-05, 82.01202843], [1.789e-05, 82.23684211], [1.813e-05, 86.10792193], [1.822e-05, 86.20689655], [1.851e-05, 474.06169986], [1.855e-05, 200.0], [1.887e-05, 300.0], [1.955e-05, 794.49152542], [1.973e-05, 29.06994424], [2.018e-05, 100.0]], 'timestamp': 1711986990540, 'datetime': '2024-04-01T15:56:30.540Z', 'nonce': None}, 'MKR/BTC': {'symbol': 'MKR/BTC', 'bids': [[0.05359527, 0.05246943], [0.05358992, 0.10150747], [0.05323604, 0.01009098], [0.0530338, 0.1691], [0.05303379, 0.03], [0.05301082, 0.36409713], [0.053, 0.0558936], [0.05278137, 0.07578431], [0.0525, 0.02], [0.05218587, 1.106], [0.05213751, 0.07573619], [0.0521375, 1.64540319], [0.05139535, 0.0116742], [0.05127127, 0.05674083], [0.05097402, 0.10474465]], 'asks': [[0.05410247, 0.04642403], [0.05410248, 1.06736961], [0.05456452, 2.36899441], [0.05456453, 0.45], [0.05456456, 1.0], [0.05503057, 0.03378656], [0.05631708, 0.02069439], [0.05699999, 0.25], [0.057, 0.11070215], [0.05719814, 1.16061971], [0.05729021, 0.015], [0.05734689, 0.0175], [0.05770483, 0.01213086], [0.05778601, 0.021], [0.05787051, 0.07348644]], 'timestamp': 1711986990400, 'datetime': '2024-04-01T15:56:30.400Z', 'nonce': None}, 'MLK/BTC': {'symbol': 'MLK/BTC', 'bids': [[5.38e-06, 36585.73292529], [5.37e-06, 15410.122], [5.36e-06, 95.14925373], [5.35e-06, 2000.0], [5.25e-06, 97.14285714], [5.22e-06, 800.0], [5.21e-06, 13514.09808633], [5.12e-06, 2019.59780994], [5.11e-06, 400.0], [5.06e-06, 2814.3190527], [5.01e-06, 3642.7374677], [5e-06, 100.0], [4.96e-06, 4032.25806451], [4.95e-06, 606.06060606], [4.91e-06, 400.0]], 'asks': [[5.69e-06, 36938.35654792], [5.7e-06, 936.94267546], [5.81e-06, 295.04327301], [5.92e-06, 295.6830278], [5.95e-06, 1018.50612746], [6.45e-06, 381.49387254], [6.62e-06, 11102.79520908], [6.65e-06, 11214.99251083], [6.66e-06, 300.0], [6.77e-06, 88.78539575], [6.94e-06, 300.0], [7e-06, 500.0], [7.02e-06, 300.0], [7.2e-06, 4166.66666667], [7.5e-06, 312.75800432]], 'timestamp': 1711986925720, 'datetime': '2024-04-01T15:55:25.720Z', 'nonce': None}, 'MNT/BTC': {'symbol': 'MNT/BTC', 'bids': [[1.764e-05, 12015.65432243], [1.757e-05, 1707.33], [1.739e-05, 2300.17251311], [1.707e-05, 4008.99113623], [1.702e-05, 293.7720329], [1.7e-05, 1049.85653513], [1.673e-05, 57.27130194], [1.648e-05, 2865.24813656], [1.64e-05, 1000.0], [1.639e-05, 147818.31387668], [1.632e-05, 30.64], [1.624e-05, 723.39870689], [1.603e-05, 31.2], [1.602e-05, 561.7977528], [1.589e-05, 32.09565764]], 'asks': [[1.792e-05, 1290.921], [1.793e-05, 620.3651777], [1.8e-05, 500.0], [1.804e-05, 548.54635216], [1.805e-05, 467.75040197], [1.842e-05, 109.89267319], [1.855e-05, 420.17075775], [1.908e-05, 22475.76590649], [1.999e-05, 1100.0], [2e-05, 412.92584036], [2.1e-05, 79.65207549], [2.112e-05, 750.0], [2.121e-05, 253.65159525], [2.2e-05, 22.81772728], [2.204e-05, 562.5]], 'timestamp': 1711986990450, 'datetime': '2024-04-01T15:56:30.450Z', 'nonce': None}, 'MOC/BTC': {'symbol': 'MOC/BTC', 'bids': [[1.67e-06, 713.15688622], [1.66e-06, 5927.8819277], [1.65e-06, 50064.34557575], [1.63e-06, 312.88343558], [1.62e-06, 314.81481481], [1.61e-06, 41605.26175801], [1.6e-06, 318.75], [1.59e-06, 320.75471698], [1.58e-06, 739.43937623], [1.57e-06, 8078.01084174], [1.56e-06, 326.92307692], [1.55e-06, 658.06451612], [1.54e-06, 3331.16883116], [1.53e-06, 333.33333333], [1.52e-06, 335.52631578]], 'asks': [[1.73e-06, 62528.7219705], [1.74e-06, 2262.86044107], [1.76e-06, 5446.50942596], [1.78e-06, 774.31860614], [1.79e-06, 970.2457956], [1.85e-06, 4000.0], [2.05e-06, 2050.14608241], [2.09e-06, 400.0], [2.1e-06, 15285.71428572], [2.21e-06, 300.0], [2.22e-06, 300.0], [2.24e-06, 300.0], [2.29e-06, 400.0], [2.36e-06, 400.0], [2.4e-06, 210.0]], 'timestamp': 1711986556819, 'datetime': '2024-04-01T15:49:16.819Z', 'nonce': None}, 'MTL/BTC': {'symbol': 'MTL/BTC', 'bids': [[2.997e-05, 6656.69803136], [2.996e-05, 2765.8], [2.992e-05, 20.56183155], [2.938e-05, 67.35874744], [2.933e-05, 17.04773269], [2.887e-05, 2351.73487481], [2.833e-05, 100.0], [2.828e-05, 503.5297435], [2.764e-05, 18.45151953], [2.701e-05, 18.51203258], [2.677e-05, 39.05117669], [2.66e-05, 1456.60435377], [2.657e-05, 196.47], [2.655e-05, 1883.23917137], [2.507e-05, 23.93298763]], 'asks': [[3.057e-05, 1682.78071988], [3.083e-05, 2756.33], [3.084e-05, 17.34381853], [3.215e-05, 309.73239912], [3.281e-05, 98.95335871], [3.298e-05, 54.40696409], [3.304e-05, 400.0], [3.437e-05, 98.95335872], [3.5e-05, 749.94139809], [3.68e-05, 15.48967391], [3.797e-05, 478.18493659], [4.018e-05, 52.90647249], [4.071e-05, 206.22829936], [4.2e-05, 714.28571429], [4.283e-05, 50.0]], 'timestamp': 1711986978845, 'datetime': '2024-04-01T15:56:18.845Z', 'nonce': None}, 'MVL/BTC': {'symbol': 'MVL/BTC', 'bids': [[1e-07, 1855580.98282577], [9e-08, 1192805.16208615], [8e-08, 470470.28885598], [7e-08, 192639.05311718], [6e-08, 312030.7987531], [5e-08, 930899.96122194], [4e-08, 759977.97680798], [3e-08, 1163529.50955942], [2e-08, 25738.375], [1e-08, 3302512.27456357], [0.0, 0.0], [0.0, 0.0], [0.0, 0.0], [0.0, 0.0], [0.0, 0.0]], 'asks': [[1.1e-07, 3224262.70332009], [1.2e-07, 1663693.67204], [1.3e-07, 590481.51270943], [1.4e-07, 841827.51601499], [1.5e-07, 312455.59549473], [1.6e-07, 2367128.22379444], [1.7e-07, 354983.66666666], [1.8e-07, 434710.69872926], [1.9e-07, 282216.94975949], [2e-07, 215657.40552767], [2.1e-07, 345265.88384968], [2.2e-07, 149850.17002947], [2.3e-07, 186799.64655026], [2.4e-07, 112735.59961277], [2.5e-07, 184386.37380829]], 'timestamp': 1711986582640, 'datetime': '2024-04-01T15:49:42.640Z', 'nonce': None}, 'NAP/BTC': {'symbol': 'NAP/BTC', 'bids': [[3.378e-05, 312.1761397], [3.377e-05, 38.40229009], [3.372e-05, 12.9179304], [3.344e-05, 59.80861244], [3.34e-05, 156.27097387], [3.339e-05, 1216.0], [3.331e-05, 1000.0], [3.328e-05, 16.9530048], [3.327e-05, 22.42581605], [3.323e-05, 2750.0], [3.322e-05, 2738.11587827], [3.321e-05, 1000.0], [3.32e-05, 6024.32412943], [3.315e-05, 1000.0], [3.303e-05, 886.87756841]], 'asks': [[3.42e-05, 858.3842782], [3.425e-05, 1974.97405934], [3.438e-05, 66.82301659], [3.445e-05, 528.09866534], [3.486e-05, 207.09092525], [3.487e-05, 414.1818505], [3.488e-05, 343.04179129], [3.491e-05, 396.073999], [3.493e-05, 247.73680538], [3.548e-05, 1176.887479], [3.568e-05, 1574.79257555], [3.569e-05, 1126.91696336], [3.585e-05, 283.69013348], [3.597e-05, 213.74924469], [3.629e-05, 247.03154574]], 'timestamp': 1711986978425, 'datetime': '2024-04-01T15:56:18.425Z', 'nonce': None}, 'NEAR/BTC': {'symbol': 'NEAR/BTC', 'bids': [[9.666e-05, 31.03662322], [9.665e-05, 51.73305742], [9.663e-05, 2076.77251236], [9.662e-05, 38.04593219], [9.603e-05, 322.815787], [9.6e-05, 205.31255195], [9.587e-05, 27.27269274], [9.586e-05, 20.0], [9.578e-05, 29.11231051], [9.56e-05, 56.62656903], [9.5e-05, 18.97372358], [9.482e-05, 13.0293187], [9.44e-05, 13.12196204], [9.349e-05, 78.07176321], [9.305e-05, 214.93820526]], 'asks': [[9.814e-05, 994.72770042], [9.91e-05, 1140.78], [9.911e-05, 149.08404801], [0.00010086, 6.16874114], [0.0001009, 5.0], [0.00010193, 630.8], [0.00010304, 224.71910126], [0.0001031, 28.34230329], [0.00010371, 14.3129771], [0.0001051, 14.85148515], [0.00010722, 20.0], [0.00010776, 19.56370229], [0.00010784, 40.0], [0.00010843, 5.08864237], [0.000109, 7.21717972]], 'timestamp': 1711986990260, 'datetime': '2024-04-01T15:56:30.260Z', 'nonce': None}, 'NKN/BTC': {'symbol': 'NKN/BTC', 'bids': [[2.24e-06, 1762.81068638], [2.23e-06, 30376.50812274], [2.22e-06, 17442.65288287], [2.21e-06, 17073.24], [2.2e-06, 9305.76363635], [2.19e-06, 25599.35776995], [2.18e-06, 300.0], [2.17e-06, 10421.04668202], [2.16e-06, 10587.93509486], [2.15e-06, 11978.70488369], [2.14e-06, 3957.19634335], [2.13e-06, 12665.59610363], [2.12e-06, 7420.17924527], [2.11e-06, 50416.14592417], [2.1e-06, 897.62023512]], 'asks': [[2.29e-06, 25580.66283146], [2.3e-06, 21047.85693292], [2.31e-06, 44869.97909686], [2.32e-06, 10592.23559351], [2.33e-06, 2415.95294117], [2.35e-06, 300.0], [2.36e-06, 224.66960352], [2.37e-06, 14816.69665499], [2.38e-06, 34081.17943402], [2.4e-06, 17621.48620292], [2.42e-06, 16251.735426], [2.43e-06, 4366.81222707], [2.44e-06, 883.50612829], [2.45e-06, 300.0], [2.46e-06, 6644.22491347]], 'timestamp': 1711986982751, 'datetime': '2024-04-01T15:56:22.751Z', 'nonce': None}, 'NMR/BTC': {'symbol': 'NMR/BTC', 'bids': [[0.00049533, 30.62052167], [0.00049532, 23.8601611], [0.00049451, 47.02344745], [0.00049409, 36.50961667], [0.0004921, 105.87909417], [0.000492, 2.50927439], [0.0004914, 118.75485687], [0.00049136, 8.0973299], [0.00049135, 1.5], [0.00049133, 43.09188904], [0.00049126, 44.7828034], [0.0004912, 4.07664084], [0.00049119, 117.52561884], [0.00049096, 14.91718266], [0.00049066, 3.07251185]], 'asks': [[0.0004978, 498.73535535], [0.00049802, 8.09020579], [0.00049876, 8.10069159], [0.00049944, 186.27642131], [0.00050148, 12.33949418], [0.000508, 68.66141733], [0.00050861, 241.33215348], [0.00051101, 68.6601045], [0.0005115, 258.8301868], [0.000516, 35.37741106], [0.00052128, 737.17802796], [0.000522, 1.72738359], [0.00052325, 15.3802463], [0.00052545, 1.5834937], [0.00052685, 1.20946138]], 'timestamp': 1711986988936, 'datetime': '2024-04-01T15:56:28.936Z', 'nonce': None}